4573 6666
1269 915 1358 960 m*
1402 916 1764 962 mansuro
1813 915 2613 966 oonsmu‘rmorom'rauo
3304 907 3383 970 11

506 1131 973 1217 ἑπισυμβαίνειν
1009 1139 1140 1206 τοῖς
1173 1129 1553 1221 πράγμασιν,
1605 1128 1720 1196 ἅτε
1767 1139 1894 1196 τῶν

508 1245 779 1334 δικάζειν
811 1255 1160 1345 λαχόντων,
1193 1225 1362 1322 πλὴν
1397 1257 1621 1348 ὀλίγων
1654 1256 1899 1322 παντά-

506 1405 682 1458 πασι,
729 1382 1032 1447 κάκείνων
1081 1391 1207 1447 τῶν
1253 1386 1526 1448 πλεῖστα
1582 1394 1722 1460 ταῖς
1771 1394 1896 1449 τῶν

507 1508 710 1599 νόμων
738 1511 975 1595 βίβλοις
1009 1501 1491 1600 ἑνιδρωσάντων,
1519 1514 1587 1574 οὺ
1614 1509 1700 1576 τά
1732 1509 1896 1576 αὺτά

505 1635 648 1727 περὶ
690 1645 817 1702 τῶν
865 1640 1070 1700 αὐτῶν
1103 1635 1142 1710 ἢ
1180 1635 1564 1726 φρονούντων
1615 1635 1654 1708 ἢ
1705 1634 1900 1729 φθεγ-

508 1762 826 1854 γομένων,
877 1761 1015 1826 ἀλλ’
1065 1766 1135 1827 ἐκ
1183 1753 1487 1853 διαφόρων
1545 1761 1897 1852 μαθήσεων,

515 1882 840 1981 διαφόρους
885 1888 994 1954 καὶ
1027 1881 1208 1968 δόξας
1241 1889 1663 1982 ἐπαγομένων,
1697 1895 1778 1976 ὡς
1824 1889 1899 1954 τὸ

511 2018 692 2106 εἰκὸς,
737 2017 847 2082 καὶ
898 2017 975 2082 τὸ
1021 2021 1319 2082 πλεῖστον
1369 2017 1669 2093 ἀλλήλοις
1724 2020 1901 2082 ἐναν-

509 2142 849 2232 τιουμένων
873 2141 894 2176 ¹
949 2143 1058 2208 καὶ
1091 2142 1581 2235 συγκρούοντων,
1628 2145 1902 2208 κάντεῦ-

507 2241 620 2336 ’θεν
666 2271 924 2361 ἀπορίαν
974 2261 1203 2358 δεινὴν,
1252 2269 1360 2335 καὶ
1404 2281 1540 2347 τοῖς
1586 2271 1904 2359 ἀκριβοῢσι

511 2393 673 2460 πάνυ
720 2393 864 2470 τοὺς
896 2393 1117 2483 νόμους
1152 2399 1236 2471 εἰς
1267 2393 1387 2468 τὴν
1418 2403 1544 2459 τῶν
1575 2393 1901 2485 πρακτέων

515 2521 747 2612 εὕρεσιν
795 2519 1234 2608 ἐμποιούντων·
1293 2521 1429 2586 ἐπεὶ
1489 2513 1708 2611 μηδεὶς
1754 2521 1903 2611 πρὸς

518 2637 760 2736 μηδένα
782 2655 906 2710 τῶν
935 2647 1572 2735 ἀντιπολιτευομένων
1606 2647 1903 2736 ἀνέχεται

517 2771 591 2836 τὸ
638 2766 835 2845 ἧττον
894 2771 1092 2861 φέρειν
1157 2775 1218 2836 ἑν
1274 2770 1548 2850 τούτοις,
1597 2772 1735 2837 ἀλλ’
1785 2773 1902 2838 ὑπὸ

515 2897 870 2987 φιλοτιμίας
916 2921 990 2962 τε
1035 2907 1336 2988 περιττῆς
1369 2897 1476 2961 καὶ
1525 2887 1904 2987 δοξομανού-

518 3046 630 3099 σης
676 3021 996 3102 νεότητος,
1046 3023 1296 3113 ἄμεινόν
1330 3049 1395 3089 τι
1429 3015 1604 3103 δόξαι
1635 3034 1759 3090 τῶν
1794 3023 1907 3090 ἄλ-

518 3155 642 3214 λων
690 3161 930 3239 φρονεῖν
979 3145 1428 3242 ἀγωνιζόμενος
1461 3151 1743 3229 ἕκαστος,
1792 3157 1903 3218 οὐκ

519 3277 693 3341 ὀκνεῖ
727 3273 849 3348 τὴν
894 3274 1043 3368 πρὸς
1091 3275 1374 3353 ἅπαντας
1419 3277 1779 3370 ἀντιλογίαν
1831 3299 1906 3343 τε

519 3398 625 3463 καὶ
671 3390 941 3479 διένεξιν.
989 3396 1078 3466 Οὗ
1123 3404 1190 3468 τί
1217 3400 1360 3467 ποτ’
1396 3399 1467 3467 ἂν
1503 3402 1660 3469 ἄλλο
1707 3426 1907 3468 κατα-

522 3524 981 3616 γελαστότερον
1041 3523 1321 3618 γένοιτο;
1369 3526 1606 3591 ὁπόταν
1673 3532 1729 3591 οἰ
1774 3537 1906 3603 τοῖς

528 3650 740 3729 ἄλλοις
817 3652 1356 3745 ἐπαγγελλόμενοι
1423 3651 1508 3719 τά
1585 3655 1908 3743 ἀμφίβολα

417 3832 427 3839 .
523 3777 712 3855 λύειν,
761 3776 942 3843 αὐτοὶ
973 3778 1122 3868 πρὸς
1170 3779 1483 3856 ἀλλήλους
1517 3784 1633 3868 οὐχ
1672 3780 1909 3853 ἥκιστα

527 3894 956 3996 διαφερόμενοι
1001 3906 1338 3995 φαίνοιντο.

2004 1133 2160 1199 nino
2224 1135 2512 1220 exceptis
2532 1184 2547 1214 ,
2598 1137 2709 1221 qui
2764 1137 3121 1222 plurimum
3172 1139 3243 1206 in
3299 1140 3391 1206 le-

2005 1281 2164 1346 gum
2198 1259 2383 1325 libris
2416 1262 2907 1342 desudaverant,
2957 1264 3133 1330 haud
3166 1287 3395 1331 conso-

2005 1391 2242 1451 nanter
2281 1386 2351 1450 in
2396 1385 2625 1453 iisdem
2659 1389 2865 1454 causis
2909 1391 3259 1457 censebant
3290 1391 3396 1456 vel

2004 1511 2463 1597 loquebantur,
2511 1514 2622 1579 sed
2670 1537 2789 1599 pro
2827 1515 3207 1599 disciplinae
3242 1540 3395 1582 suae

2009 1637 2396 1717 differentia,
2434 1639 2717 1705 diversas
2766 1642 3126 1706 sententias
3170 1642 3396 1708 redde-

2005 1765 2187 1844 bant,
2219 1769 2295 1829 ut
2326 1787 2445 1850 par
2478 1770 2635 1846 erat,
2672 1771 2738 1831 et
2783 1767 3173 1852 plerumque
3220 1767 3397 1834 inter

2008 1911 2075 1954 se
2108 1889 2471 1955 contrarias
2519 1895 2585 1956 et
2629 1897 3103 1978 repugnantes:
3140 1915 3215 1957 ac
3245 1915 3397 1976 pro-

2005 2013 2158 2080 inde
2227 2038 2500 2102 gravem
2568 2017 3099 2104 ambiguitatem,
3172 2019 3397 2104 legum

2010 2162 2270 2226 quoque
2320 2144 2614 2228 apprime
2662 2144 2890 2229 peritis
2934 2146 3016 2210 ob
3061 2145 3397 2212 invenien-

2011 2267 2162 2331 dam
2223 2268 2771 2352 expediendorum
2827 2270 3246 2355 negotiorum
3294 2293 3399 2336 ra-

2009 2391 2261 2458 tionem
2333 2395 2659 2460 creabant.
2733 2393 2898 2471 Quia
2951 2418 3143 2461 nemo
3208 2395 3399 2461 facile

2010 2518 2266 2602 patitur
2301 2520 2382 2584 ab
2417 2520 2638 2607 aliquo
2673 2521 3069 2587 contrarium
3112 2521 3402 2587 censenti

2012 2646 2342 2730 superari3
2402 2637 2514 2712 sed
2562 2652 2871 2731 surgente
2930 2647 3287 2713 ambitione
3335 2651 3402 2712 et

2011 2771 2285 2837 iuvenili
2332 2771 2581 2857 gloriae
2614 2795 2854 2853 amore,
2888 2773 3119 2838 melius
3156 2771 3402 2857 aliquid

2013 2919 2212 2982 quam
2263 2897 2465 2962 ceteri
2511 2897 2751 2963 sentire
2813 2899 3097 2978 studenS,
3154 2896 3403 2963 cunctis
3443 2900 3452 2909 ‘

2013 3022 2343 3088 adversari
2390 3044 2465 3087 ac
2527 3044 2897 3110 repugnare
2954 3045 3087 3088 non
3152 3022 3401 3088 abnuit.

2015 3145 2156 3224 Quo
2183 3147 2339 3232 quid
2363 3147 2771 3215 ridiculosius
2797 3171 2933 3214 esse
2959 3152 3180 3233 potest
3198 3151 3230 3213 Ρ
3255 3171 3403 3213 cum
3496 3149 3509 3162 “

2011 3272 2079 3352 ii,
2102 3272 2213 3358 qui
2230 3273 2742 3341 aliis'dissolvere
2762 3274 2959 3340 dubia
2978 3273 3399 3359 promittunt,

2012 3398 2142 3483 ipsi
2184 3398 2359 3465 inter
2404 3422 2471 3464 se
2516 3400 2797 3466 invicem
2829 3399 3005 3465 haud
3044 3399 3258 3465 minus
3309 3398 3405 3462 di-

2015 3528 2391 3609 screpantes
2438 3530 2779 3610 apparent.

787 4158 825 4239 5
871 4156 933 4221 4.
985 4154 1452 4224 Constantinus
1493 4156 1956 4225 Monomachus
1999 4156 2166 4239 Imp.
2213 4158 2311 4221 rei
2356 4154 2812 4222 consulendum
2858 4154 3155 4221 decernit.

619 4395 692 4469 δ’.
725 4408 943 4468 Ταῦτα
970 4400 995 4437 ²
1042 4404 1246 4469 τοίνυν
1296 4406 1460 4470 οὕτω
1492 4404 1792 4497 γινόμενα
1837 4404 1915 4469 τὸ

530 4530 778 4615 εὐσεβὲς
820 4536 997 4619 ἡμῶν
1031 4530 1257 4621 κράτος
1289 4522 1568 4623 παριδεῖν
1620 4537 1730 4597 οὐκ
1777 4532 1918 4606 ἠνέ-

532 4678 744 4745 σχετο·
794 4654 931 4719 ἀλλ’
981 4656 1248 4746 ἐπείπερ
1293 4662 1444 4744 ἡμῖν
1493 4658 1524 4719 6
1570 4665 1696 4719 τῶν
1744 4660 1920 4745 ούρα-

534 4792 651 4847 νῶν
712 4782 1020 4868 βασιλεύς,
1076 4786 1108 4847 ὁ
1157 4785 1497 4873 συντρίβων
1555 4780 1916 4871 πολέμους3

534 4910 600 4972 ἑν
648 4907 810 4999 χειρὶ
855 4917 1124 4997 κραταιᾷ
1163 4906 1270 4971 καὶ
1316 4911 1378 4972 ἑν
1430 4908 1711 4998 βραχίονι
1758 4904 1919 4996 ὑψη-

531 5036 660 5117 λῳ,
709 5036 742 5097 ὁ
797 5043 928 5108 τοῖς
989 5031 1399 5122 ὑπερηφάνοις
1456 5032 1920 5121 ἀντιταττόμε-

532 5182 630 5234 νος
692 5168 1008 5233 ταπεινοῖς
1074 5148 1142 5222 δὲ
1202 5155 1382 5248 χάριν
1446 5148 1648 5233 διδοὺς
1673 5154 1720 5233 ⁴,
1776 5154 1920 5233 τοὺς

532 5275 752 5361 ἔξωθέν
810 5306 885 5347 τε
944 5282 1290 5372 πολέμους,
1355 5283 1462 5347 καὶ
1531 5281 1643 5359 τάς
1715 5284 1920 5372 ὲμφυ-

2138 4408 2200 4471 4.
2257 4406 2442 4473 Haec
2501 4406 2727 4491 itaque
2789 4405 3034 4470 diutius
3095 4405 3239 4471 fieri
3301 4404 3411 4490 pia

2031 4537 2257 4598 nostra
2302 4532 2604 4598 Potestas
2650 4554 2783 4596 non
2827 4529 3003 4595 tulit.
3063 4528 3189 4595 Sed
3251 4553 3412 4615 quo-

2024 4656 2201 4723 niam
2256 4658 2446 4724 nobis
2501 4656 2797 4722 caelestis
2858 4654 3035 4745 Rex,
3086 4656 3196 4737 qui
3250 4655 3413 4739 forti

2024 4804 2223 4849 manu
2283 4784 2653 4865 brachioque
2717 4788 2964 4855 extento
3034 4782 3196 4847 bella
3264 4802 3408 4846 con-

2025 4910 2193 4987 terit,
2241 4911 2355 4991 qui
2398 4908 2693 4989 superbis
2738 4908 3012 4984 resistit,
3062 4906 3411 4970 humilibus

2027 5042 2238 5101 autem
2268 5035 2383 5099 dat
2408 5035 2713 5117 qratiam,
2749 5036 3015 5098 externa
3040 5052 3173 5095 non
3199 5030 3412 5096 minus

2024 5159 2198 5224 bella
2244 5180 2441 5242 quam
2489 5156 2712 5222 civiles
2756 5156 3106 5221 seditiones
3139 5137 3409 5235 sedavit,

2035 5289 2102 5349 et
2145 5305 2319 5349 nunc
2364 5282 2573 5348 hostis
2613 5282 2807 5347 simul
2838 5281 3131 5366 quiescit,
3168 5285 3234 5347 et
3264 5282 3413 5347 sub-

532 5407 700 5482 λίους
765 5405 1015 5483 στάσεις
1073 5405 1433 5472 κατέπαυσε
1452 5460 1468 5485 ,
1527 5406 1636 5471 καὶ
1696 5412 1926 5497 ἠρεμεῖ
2032 5409 2154 5474 diti
2209 5407 2691 5493 tranquillitate
2739 5407 3032 5487 suuntur,
3079 5406 3414 5491 multaque

683 5656 700 5691 ¹
741 5652 972 5711 Codicis
995 5654 1236 5727 pagella.
1259 5653 1450 5728 prima
1474 5653 1603 5711 folii
1637 5654 1761 5725 283,
1800 5658 1863 5711 et
1897 5654 2060 5727 scapi
2099 5653 2320 5709 codicis
2354 5658 2415 5716 λζ
2453 5652 2539 5723 37,
2580 5652 2751 5708 cuius
2786 5648 3070 5707 ‘numerus
3107 5650 3227 5707 imo
3269 5668 3419 5707 mar-

539 5741 680 5818 gine
703 5749 962 5801 notatur.
985 5775 1024 5786 -
1047 5744 1070 5780 ²
1093 5742 1248 5799 Hinc
1273 5745 1680 5821 paragraphus
1707 5745 1740 5798 6
1779 5742 2193 5827 Gottingensis
2231 5740 2521 5801 editionis,
2558 5774 2597 5784 —
2619 5744 2643 5779 ³
2668 5742 2844 5807 Εξοδος
2873 5743 2942 5794 ιε’.
2969 5772 3009 5784 -
3030 5743 3055 5777 ⁴
3080 5745 3289 5814 Παροιμ.
3331 5740 3413 5797 ιη’.
