<?xml version="1.0" encoding="UTF-8"?>
<!DOCTYPE html PUBLIC "-//W3C//DTD XHTML 1.0 Transitional//EN"
    "http://www.w3.org/TR/xhtml1/DTD/xhtml1-transitional.dtd">
<html xmlns="http://www.w3.org/1999/xhtml" xml:lang="en" lang="en">
 <head>
  <title>
</title>
<meta http-equiv="Content-Type" content="text/html;charset=utf-8" />
  <meta name='ocr-system' content='tesseract 3.04.00' />
  <meta name='ocr-capabilities' content='ocr_page ocr_carea ocr_par ocr_line ocrx_word'/>
</head>
<body>
  <div class='ocr_page' id='page_1' title='image "./delegumcustodee00abpgoog_0008.png"; bbox 0 0 4573 6666; ppageno 0'>
   <div class='ocr_carea' id='block_1_1' title="bbox 1253 815 3049 879">
    <p class='ocr_par' dir='ltr' id='par_1_1' title="bbox 1253 815 3049 879">
     <span class='ocr_line' id='line_1_1' title="bbox 1253 815 3049 879; baseline -0.002 0"><span class='ocrx_word' id='word_1_1' title='bbox 1253 815 1295 879; x_wconf 82' lang='lat'><strong>2</strong></span> <span class='ocrx_word' id='word_1_2' title='bbox 2338 833 2430 876; x_wconf 74' lang='lat' dir='ltr'>nn</span> <span class='ocrx_word' id='word_1_3' title='bbox 2474 831 2704 877; x_wconf 69' lang='lat' dir='ltr'>moun</span> <span class='ocrx_word' id='word_1_4' title='bbox 2751 832 3049 878; x_wconf 71' lang='lat' dir='ltr'>cusrom:</span> 
     </span>
    </p>
   </div>
   <div class='ocr_carea' id='block_1_2' title="bbox 2921 924 4127 938">
    <p class='ocr_par' dir='ltr' id='par_1_2' title="bbox 2921 924 4127 938">
     <span class='ocr_line' id='line_1_2' title="bbox 2921 924 4127 938; baseline 0.002 -6"><span class='ocrx_word' id='word_1_5' title='bbox 2921 924 4127 938; x_wconf 64' lang='lat'>-——,-——-—-.—-—-——-—-————</span> 
     </span>
    </p>
   </div>
   <div class='ocr_carea' id='block_1_3' title="bbox 1247 1050 4137 5750">
    <p class='ocr_par' dir='ltr' id='par_1_3' title="bbox 1247 1050 4131 2863">
     <span class='ocr_line' id='line_1_3' title="bbox 1253 1050 4130 1147; baseline 0 -22"><span class='ocrx_word' id='word_1_6' title='bbox 1253 1054 1508 1125; x_wconf 88' lang='lat' dir='ltr'>essent</span> <span class='ocrx_word' id='word_1_7' title='bbox 1543 1050 1701 1124; x_wconf 90' lang='lat' dir='ltr'>iam</span> <span class='ocrx_word' id='word_1_8' title='bbox 1731 1051 1960 1141; x_wconf 89' lang='lat' dir='ltr'>edita,</span> <span class='ocrx_word' id='word_1_9' title='bbox 2001 1051 2248 1124; x_wconf 89' lang='lat' dir='ltr'>Maius</span> <span class='ocrx_word' id='word_1_10' title='bbox 2288 1072 2685 1146; x_wconf 79' lang='lat' dir='ltr'>excerpere</span> <span class='ocrx_word' id='word_1_11' title='bbox 2722 1051 2971 1147; x_wconf 89' lang='lat' dir='ltr'>coepit</span> <span class='ocrx_word' id='word_1_12' title='bbox 3012 1073 3206 1147; x_wconf 88' lang='lat' dir='ltr'>quae</span> <span class='ocrx_word' id='word_1_13' title='bbox 3244 1050 3491 1126; x_wconf 90' lang='lat' dir='ltr'>adhuc</span> <span class='ocrx_word' id='word_1_14' title='bbox 3530 1052 4018 1143; x_wconf 89' lang='lat' dir='ltr'>delituerant,</span> <span class='ocrx_word' id='word_1_15' title='bbox 4048 1055 4130 1126; x_wconf 91' lang='lat' dir='ltr'>et</span> 
     </span>
     <span class='ocr_line' id='line_1_4' title="bbox 1249 1195 4129 1290; baseline 0.001 -24"><span class='ocrx_word' id='word_1_16' title='bbox 1249 1198 1554 1270; x_wconf 87' lang='lat' dir='ltr'>textum</span> <span class='ocrx_word' id='word_1_17' title='bbox 1609 1197 1690 1269; x_wconf 88' lang='lat' dir='ltr'>et</span> <span class='ocrx_word' id='word_1_18' title='bbox 1726 1196 2149 1272; x_wconf 84' lang='lat' dir='ltr'>versionem</span> <span class='ocrx_word' id='word_1_19' title='bbox 2188 1197 2537 1290; x_wconf 88' lang='lat' dir='ltr'>parabat,</span> <span class='ocrx_word' id='word_1_20' title='bbox 2580 1199 2670 1269; x_wconf 89' lang='lat' dir='ltr'>ut</span> <span class='ocrx_word' id='word_1_21' title='bbox 2708 1196 2787 1268; x_wconf 90' lang='lat' dir='ltr'>in</span> <span class='ocrx_word' id='word_1_22' title='bbox 2824 1218 2964 1268; x_wconf 92' lang='lat' dir='ltr'>sua</span> <span class='ocrx_word' id='word_1_23' title='bbox 3001 1196 3224 1270; x_wconf 84' lang='lat' dir='ltr'>Nova</span> <span class='ocrx_word' id='word_1_24' title='bbox 3270 1195 3595 1269; x_wconf 88' lang='lat' dir='ltr'>Patrum</span> <span class='ocrx_word' id='word_1_25' title='bbox 3649 1195 4129 1270; x_wconf 86' lang='lat' dir='ltr'>Bibliotheca</span> 
     </span>
     <span class='ocr_line' id='line_1_5' title="bbox 1247 1339 4129 1434; baseline -0.001 -21"><span class='ocrx_word' id='word_1_26' title='bbox 1247 1339 1626 1434; x_wconf 88' lang='lat' dir='ltr'>vulgaret.</span> <span class='ocrx_word' id='word_1_27' title='bbox 1683 1339 1784 1411; x_wconf 89' lang='lat' dir='ltr'>Et</span> <span class='ocrx_word' id='word_1_28' title='bbox 1839 1360 2018 1413; x_wconf 85' lang='lat' dir='ltr'>sane</span> <span class='ocrx_word' id='word_1_29' title='bbox 2054 1339 2353 1434; x_wconf 91' lang='lat' dir='ltr'>reliqua</span> <span class='ocrx_word' id='word_1_30' title='bbox 2391 1342 2575 1412; x_wconf 89' lang='lat' dir='ltr'>sunt</span> <span class='ocrx_word' id='word_1_31' title='bbox 2613 1339 2988 1434; x_wconf 84' lang='lat' dir='ltr'>quaedam</span> <span class='ocrx_word' id='word_1_32' title='bbox 3026 1339 3213 1414; x_wconf 88' lang='lat' dir='ltr'>haec</span> <span class='ocrx_word' id='word_1_33' title='bbox 3250 1339 3507 1414; x_wconf 91' lang='lat' dir='ltr'>studia</span> <span class='ocrx_word' id='word_1_34' title='bbox 3562 1339 3766 1413; x_wconf 89' lang='lat' dir='ltr'>inter</span> <span class='ocrx_word' id='word_1_35' title='bbox 3822 1339 4129 1412; x_wconf 85' lang='lat' dir='ltr'>Maiana</span> 
     </span>
     <span class='ocr_line' id='line_1_6' title="bbox 1249 1470 4128 1579; baseline -0.001 -23"><span class='ocrx_word' id='word_1_36' title='bbox 1249 1482 1828 1574; x_wconf 89' lang='lat' dir='ltr'>schediasmata,</span> <span class='ocrx_word' id='word_1_37' title='bbox 1871 1506 1959 1558; x_wconf 88' lang='lat' dir='ltr'>ac</span> <span class='ocrx_word' id='word_1_38' title='bbox 1995 1470 2397 1579; x_wconf 78' lang='lat' dir='ltr'>praecipue</span> <span class='ocrx_word' id='word_1_39' title='bbox 2435 1485 2516 1558; x_wconf 92' lang='lat' dir='ltr'>in</span> <span class='ocrx_word' id='word_1_40' title='bbox 2557 1484 2718 1559; x_wconf 91' lang='lat' dir='ltr'>cod.</span> <span class='ocrx_word' id='word_1_41' title='bbox 2758 1485 2935 1558; x_wconf 89' lang='lat' dir='ltr'>Vat.</span> <span class='ocrx_word' id='word_1_42' title='bbox 2990 1485 3219 1558; x_wconf 85' lang='lat'>9575.</span> <span class='ocrx_word' id='word_1_43' title='bbox 3264 1527 3355 1536; x_wconf 97' lang='lat'><strong>—</strong></span> <span class='ocrx_word' id='word_1_44' title='bbox 3401 1484 3623 1558; x_wconf 89' lang='lat' dir='ltr'>Anno</span> <span class='ocrx_word' id='word_1_45' title='bbox 3679 1505 3866 1559; x_wconf 87' lang='lat' dir='ltr'>vero</span> <span class='ocrx_word' id='word_1_46' title='bbox 3930 1482 4128 1555; x_wconf 82' lang='lat'>1854</span> 
     </span>
     <span class='ocr_line' id='line_1_7' title="bbox 1251 1624 4127 1722; baseline 0 -26"><span class='ocrx_word' id='word_1_47' title='bbox 1251 1624 1544 1721; x_wconf 89' lang='lat' dir='ltr'>Angelo</span> <span class='ocrx_word' id='word_1_48' title='bbox 1581 1626 1736 1700; x_wconf 88' lang='lat' dir='ltr'>Mai</span> <span class='ocrx_word' id='word_1_49' title='bbox 1776 1629 2022 1700; x_wconf 91' lang='lat' dir='ltr'>morte</span> <span class='ocrx_word' id='word_1_50' title='bbox 2059 1631 2610 1722; x_wconf 87' lang='lat' dir='ltr'>praeoccupato</span> <span class='ocrx_word' id='word_1_51' title='bbox 2647 1627 2887 1702; x_wconf 89' lang='lat' dir='ltr'>iacuit</span> <span class='ocrx_word' id='word_1_52' title='bbox 2923 1627 3180 1716; x_wconf 90' lang='lat' dir='ltr'>codex,</span> <span class='ocrx_word' id='word_1_53' title='bbox 3219 1627 3460 1701; x_wconf 87' lang='lat' dir='ltr'>iacuit</span> <span class='ocrx_word' id='word_1_54' title='bbox 3498 1630 3579 1702; x_wconf 90' lang='lat' dir='ltr'>et</span> <span class='ocrx_word' id='word_1_55' title='bbox 3634 1648 3821 1721; x_wconf 93' lang='lat' dir='ltr'>opus</span> <span class='ocrx_word' id='word_1_56' title='bbox 3860 1627 3940 1698; x_wconf 88' lang='lat' dir='ltr'>in</span> <span class='ocrx_word' id='word_1_57' title='bbox 3978 1625 4127 1698; x_wconf 87' lang='lat' dir='ltr'>Eu-</span> 
     </span>
     <span class='ocr_line' id='line_1_8' title="bbox 1253 1757 4128 1864; baseline 0 -24"><span class='ocrx_word' id='word_1_58' title='bbox 1253 1766 1612 1857; x_wconf 88' lang='lat' dir='ltr'>chaitam,</span> <span class='ocrx_word' id='word_1_59' title='bbox 1667 1771 1750 1842; x_wconf 92' lang='lat' dir='ltr'>et</span> <span class='ocrx_word' id='word_1_60' title='bbox 1787 1767 2027 1842; x_wconf 91' lang='lat' dir='ltr'>editio</span> <span class='ocrx_word' id='word_1_61' title='bbox 2063 1768 2419 1863; x_wconf 90' lang='lat' dir='ltr'>irreperti</span> <span class='ocrx_word' id='word_1_62' title='bbox 2456 1768 2719 1864; x_wconf 90' lang='lat' dir='ltr'>scripti</span> <span class='ocrx_word' id='word_1_63' title='bbox 2756 1770 3182 1862; x_wconf 86' lang='lat' dir='ltr'>intercepta</span> <span class='ocrx_word' id='word_1_64' title='bbox 3219 1757 3378 1857; x_wconf 82' lang='lat' dir='ltr'>est;</span> <span class='ocrx_word' id='word_1_65' title='bbox 3430 1767 3561 1842; x_wconf 90' lang='lat' dir='ltr'>sed</span> <span class='ocrx_word' id='word_1_66' title='bbox 3596 1770 3863 1862; x_wconf 89' lang='lat' dir='ltr'>postea</span> <span class='ocrx_word' id='word_1_67' title='bbox 3919 1765 4011 1841; x_wconf 91' lang='lat' dir='ltr'>cl.</span> <span class='ocrx_word' id='word_1_68' title='bbox 4054 1791 4128 1841; x_wconf 87' lang='lat' dir='ltr'>v.</span> 
     </span>
     <span class='ocr_line' id='line_1_9' title="bbox 1250 1905 4131 2002; baseline 0 -24"><span class='ocrx_word' id='word_1_69' title='bbox 1250 1905 1360 1979; x_wconf 88' lang='lat'>10.</span> <span class='ocrx_word' id='word_1_70' title='bbox 1419 1906 1670 2002; x_wconf 88' lang='lat' dir='ltr'>Bollig</span> <span class='ocrx_word' id='word_1_71' title='bbox 1723 1909 2046 2002; x_wconf 89' lang='lat' dir='ltr'>scriptor</span> <span class='ocrx_word' id='word_1_72' title='bbox 2099 1908 2646 2000; x_wconf 84' lang='lat' dir='ltr'>Bibliothecae,</span> <span class='ocrx_word' id='word_1_73' title='bbox 2705 1911 2786 1982; x_wconf 92' lang='lat' dir='ltr'>et</span> <span class='ocrx_word' id='word_1_74' title='bbox 2838 1931 3018 1982; x_wconf 89' lang='lat' dir='ltr'>mox</span> <span class='ocrx_word' id='word_1_75' title='bbox 3075 1908 3481 1983; x_wconf 90' lang='lat' dir='ltr'>custodum</span> <span class='ocrx_word' id='word_1_76' title='bbox 3535 1908 3758 1999; x_wconf 90' lang='lat' dir='ltr'>alter,</span> <span class='ocrx_word' id='word_1_77' title='bbox 3800 1907 4131 1982; x_wconf 84' lang='lat' dir='ltr'>codicem</span> 
     </span>
     <span class='ocr_line' id='line_1_10' title="bbox 1249 2032 4128 2149; baseline 0 -27"><span class='ocrx_word' id='word_1_78' title='bbox 1249 2032 1671 2145; x_wconf 87' lang='lat' dir='ltr'>pretiosum</span> <span class='ocrx_word' id='word_1_79' title='bbox 1707 2052 1787 2124; x_wconf 93' lang='lat' dir='ltr'>in</span> <span class='ocrx_word' id='word_1_80' title='bbox 1826 2051 2176 2125; x_wconf 87' lang='lat' dir='ltr'>manibus</span> <span class='ocrx_word' id='word_1_81' title='bbox 2230 2055 2667 2149; x_wconf 87' lang='lat' dir='ltr'>resumpsit,</span> <span class='ocrx_word' id='word_1_82' title='bbox 2720 2052 2976 2126; x_wconf 90' lang='lat' dir='ltr'>totum</span> <span class='ocrx_word' id='word_1_83' title='bbox 3018 2052 3435 2147; x_wconf 89' lang='lat' dir='ltr'>exscripsit,</span> <span class='ocrx_word' id='word_1_84' title='bbox 3477 2054 3557 2126; x_wconf 87' lang='lat' dir='ltr'>et</span> <span class='ocrx_word' id='word_1_85' title='bbox 3593 2054 3862 2147; x_wconf 89' lang='lat' dir='ltr'>postea</span> <span class='ocrx_word' id='word_1_86' title='bbox 3888 2123 3893 2133; x_wconf 84' lang='grc'>,</span> <span class='ocrx_word' id='word_1_87' title='bbox 3917 2051 4007 2125; x_wconf 92' lang='grc'>61.</span> <span class='ocrx_word' id='word_1_88' title='bbox 4054 2075 4128 2125; x_wconf 91' lang='lat' dir='ltr'>v.</span> 
     </span>
     <span class='ocr_line' id='line_1_11' title="bbox 1252 2191 4129 2289; baseline 0 -25"><span class='ocrx_word' id='word_1_89' title='bbox 1252 2192 1498 2265; x_wconf 87' lang='lat' dir='ltr'>Paulo</span> <span class='ocrx_word' id='word_1_90' title='bbox 1567 2191 1910 2288; x_wconf 88' lang='lat' dir='ltr'>Lagarde</span> <span class='ocrx_word' id='word_1_91' title='bbox 1947 2194 2271 2267; x_wconf 87' lang='lat' dir='ltr'>tradidit</span> <span class='ocrx_word' id='word_1_92' title='bbox 2308 2195 2692 2289; x_wconf 89' lang='lat' dir='ltr'>integrum</span> <span class='ocrx_word' id='word_1_93' title='bbox 2749 2193 3125 2267; x_wconf 90' lang='lat' dir='ltr'>edendum</span> <span class='ocrx_word' id='word_1_94' title='bbox 3166 2193 3579 2288; x_wconf 70' lang='lat' dir='ltr'>Gottingae</span> <span class='ocrx_word' id='word_1_95' title='bbox 3636 2216 3836 2267; x_wconf 90' lang='lat' dir='ltr'>anno</span> <span class='ocrx_word' id='word_1_96' title='bbox 3903 2193 4129 2266; x_wconf 84' lang='lat'>1882.</span> 
     </span>
     <span class='ocr_line' id='line_1_12' title="bbox 1248 2336 4130 2434; baseline 0 -25"><span class='ocrx_word' id='word_1_97' title='bbox 1248 2336 1509 2410; x_wconf 86' lang='lat' dir='ltr'>Editio</span> <span class='ocrx_word' id='word_1_98' title='bbox 1567 2338 1758 2411; x_wconf 90' lang='lat' dir='ltr'>haec</span> <span class='ocrx_word' id='word_1_99' title='bbox 1811 2338 1935 2412; x_wconf 89' lang='lat' dir='ltr'>vel</span> <span class='ocrx_word' id='word_1_100' title='bbox 1991 2338 2194 2411; x_wconf 90' lang='lat' dir='ltr'>nude</span> <span class='ocrx_word' id='word_1_101' title='bbox 2250 2337 2587 2412; x_wconf 85' lang='lat' dir='ltr'>codicem</span> <span class='ocrx_word' id='word_1_102' title='bbox 2642 2338 3105 2412; x_wconf 79' lang='lat' dir='ltr'>Vaticanum</span> <span class='ocrx_word' id='word_1_103' title='bbox 3142 2342 3693 2434; x_wconf 87' lang='lat' dir='ltr'>repraesentat,</span> <span class='ocrx_word' id='word_1_104' title='bbox 3750 2339 3967 2412; x_wconf 90' lang='lat' dir='ltr'>nulla</span> <span class='ocrx_word' id='word_1_105' title='bbox 4023 2338 4130 2410; x_wconf 92' lang='lat' dir='ltr'>di-</span> 
     </span>
     <span class='ocr_line' id='line_1_13' title="bbox 1250 2480 4128 2576; baseline -0 -21"><span class='ocrx_word' id='word_1_106' title='bbox 1250 2482 1664 2556; x_wconf 91' lang='lat' dir='ltr'>stinctione</span> <span class='ocrx_word' id='word_1_107' title='bbox 1702 2480 1910 2554; x_wconf 89' lang='lat' dir='ltr'>facta</span> <span class='ocrx_word' id='word_1_108' title='bbox 1949 2502 2265 2576; x_wconf 91' lang='lat' dir='ltr'>operum</span> <span class='ocrx_word' id='word_1_109' title='bbox 2308 2481 2716 2571; x_wconf 87' lang='lat' dir='ltr'>editorum,</span> <span class='ocrx_word' id='word_1_110' title='bbox 2756 2481 2973 2553; x_wconf 90' lang='lat' dir='ltr'>nulla</span> <span class='ocrx_word' id='word_1_111' title='bbox 3014 2481 3379 2570; x_wconf 85' lang='lat' dir='ltr'>versione,</span> <span class='ocrx_word' id='word_1_112' title='bbox 3418 2481 3747 2557; x_wconf 84' lang='lat' dir='ltr'>nullisve</span> <span class='ocrx_word' id='word_1_113' title='bbox 3786 2481 4128 2555; x_wconf 88' lang='lat' dir='ltr'>animad-</span> 
     </span>
     <span class='ocr_line' id='line_1_14' title="bbox 1250 2624 4124 2721; baseline -0.001 -21"><span class='ocrx_word' id='word_1_114' title='bbox 1250 2624 1725 2700; x_wconf 88' lang='lat' dir='ltr'>versionibus</span> <span class='ocrx_word' id='word_1_115' title='bbox 1779 2625 2153 2720; x_wconf 87' lang='lat' dir='ltr'>praedita,</span> <span class='ocrx_word' id='word_1_116' title='bbox 2194 2629 2499 2721; x_wconf 88' lang='lat' dir='ltr'>praeter</span> <span class='ocrx_word' id='word_1_117' title='bbox 2538 2625 2921 2720; x_wconf 88' lang='lat' dir='ltr'>quoddam</span> <span class='ocrx_word' id='word_1_118' title='bbox 2959 2625 3182 2699; x_wconf 88' lang='lat' dir='ltr'>initio</span> <span class='ocrx_word' id='word_1_119' title='bbox 3220 2625 3602 2700; x_wconf 89' lang='lat' dir='ltr'>Monitum</span> <span class='ocrx_word' id='word_1_120' title='bbox 3655 2629 3738 2701; x_wconf 90' lang='lat' dir='ltr'>et</span> <span class='ocrx_word' id='word_1_121' title='bbox 3790 2625 4124 2717; x_wconf 76' lang='lat' dir='ltr'>notulaS,</span> 
     </span>
     <span class='ocr_line' id='line_1_15' title="bbox 1253 2769 3043 2863; baseline 0.001 -21"><span class='ocrx_word' id='word_1_122' title='bbox 1253 2769 1725 2863; x_wconf 88' lang='lat' dir='ltr'>Maianisque</span> <span class='ocrx_word' id='word_1_123' title='bbox 1781 2769 1980 2843; x_wconf 87' lang='lat' dir='ltr'>curis</span> <span class='ocrx_word' id='word_1_124' title='bbox 2037 2771 2352 2845; x_wconf 90' lang='lat' dir='ltr'>minime</span> <span class='ocrx_word' id='word_1_125' title='bbox 2408 2770 3043 2844; x_wconf 68' lang='lat' dir='ltr'>commemoratis</span> 
     </span>
    </p>

    <p class='ocr_par' dir='ltr' id='par_1_4' title="bbox 1251 2884 4134 3865">
     <span class='ocr_line' id='line_1_16' title="bbox 1413 2884 4130 3007; baseline 0.001 -23"><span class='ocrx_word' id='word_1_126' title='bbox 1413 2911 1754 3007; x_wconf 85' lang='lat' dir='ltr'>Cumque</span> <span class='ocrx_word' id='word_1_127' title='bbox 1808 2911 2071 3007; x_wconf 90' lang='lat' dir='ltr'>itaque</span> <span class='ocrx_word' id='word_1_128' title='bbox 2126 2911 2649 2986; x_wconf 88' lang='lat' dir='ltr'>incidissemus</span> <span class='ocrx_word' id='word_1_129' title='bbox 2726 2913 2806 2985; x_wconf 90' lang='lat' dir='ltr'>in</span> <span class='ocrx_word' id='word_1_130' title='bbox 2880 2884 3310 2987; x_wconf 76' lang='lat' dir='ltr'>versionem</span> <span class='ocrx_word' id='word_1_131' title='bbox 3384 2913 3773 2987; x_wconf 87' lang='lat' dir='ltr'>Maianam</span> <span class='ocrx_word' id='word_1_132' title='bbox 3846 2912 4130 2988; x_wconf 88' lang='lat' dir='ltr'>decreti</span> 
     </span>
     <span class='ocr_line' id='line_1_17' title="bbox 1251 3053 4125 3150; baseline 0.001 -23"><span class='ocrx_word' id='word_1_133' title='bbox 1251 3053 1746 3149; x_wconf 86' lang='lat' dir='ltr'>Imperatoris</span> <span class='ocrx_word' id='word_1_134' title='bbox 1803 3053 2305 3144; x_wconf 88' lang='lat' dir='ltr'>Monomachi‚</span> <span class='ocrx_word' id='word_1_135' title='bbox 2369 3054 2573 3150; x_wconf 92' lang='lat' dir='ltr'>quod</span> <span class='ocrx_word' id='word_1_136' title='bbox 2631 3055 3267 3150; x_wconf 88' lang='lat' dir='ltr'>pretiosissimum</span> <span class='ocrx_word' id='word_1_137' title='bbox 3322 3056 3572 3131; x_wconf 90' lang='lat' dir='ltr'>visum</span> <span class='ocrx_word' id='word_1_138' title='bbox 3622 3059 3740 3130; x_wconf 92' lang='lat' dir='ltr'>est</span> <span class='ocrx_word' id='word_1_139' title='bbox 3775 3055 4125 3130; x_wconf 88' lang='lat' dir='ltr'>futurum</span> 
     </span>
     <span class='ocr_line' id='line_1_18' title="bbox 1256 3196 4131 3294; baseline -0 -25"><span class='ocrx_word' id='word_1_140' title='bbox 1256 3196 1625 3270; x_wconf 88' lang='lat' dir='ltr'>historiae</span> <span class='ocrx_word' id='word_1_141' title='bbox 1655 3196 1909 3292; x_wconf 83' lang='lat' dir='ltr'>legali,</span> <span class='ocrx_word' id='word_1_142' title='bbox 1951 3200 2031 3269; x_wconf 87' lang='lat' dir='ltr'>et</span> <span class='ocrx_word' id='word_1_143' title='bbox 2067 3219 2223 3268; x_wconf 89' lang='lat' dir='ltr'>una</span> <span class='ocrx_word' id='word_1_144' title='bbox 2261 3215 2436 3268; x_wconf 87' lang='lat' dir='ltr'>cum</span> <span class='ocrx_word' id='word_1_145' title='bbox 2472 3197 2817 3270; x_wconf 90' lang='lat' dir='ltr'>versione</span> <span class='ocrx_word' id='word_1_146' title='bbox 2854 3199 3153 3270; x_wconf 88' lang='lat' dir='ltr'>textum</span> <span class='ocrx_word' id='word_1_147' title='bbox 3197 3218 3555 3293; x_wconf 89' lang='lat' dir='ltr'>graecum</span> <span class='ocrx_word' id='word_1_148' title='bbox 3594 3220 3643 3270; x_wconf 90' lang='lat' dir='ltr'>a</span> <span class='ocrx_word' id='word_1_149' title='bbox 3678 3197 3881 3271; x_wconf 91' lang='lat' dir='ltr'>Maio</span> <span class='ocrx_word' id='word_1_150' title='bbox 3925 3196 4131 3294; x_wconf 82' lang='lat' dir='ltr'>typis</span> 
     </span>
     <span class='ocr_line' id='line_1_19' title="bbox 1253 3341 4129 3436; baseline -0 -22"><span class='ocrx_word' id='word_1_151' title='bbox 1253 3342 1408 3414; x_wconf 89' lang='lat' dir='ltr'>iam</span> <span class='ocrx_word' id='word_1_152' title='bbox 1441 3344 1802 3435; x_wconf 90' lang='lat' dir='ltr'>paratum</span> <span class='ocrx_word' id='word_1_153' title='bbox 1831 3341 2407 3431; x_wconf 88' lang='lat' dir='ltr'>invenissemus,</span> <span class='ocrx_word' id='word_1_154' title='bbox 2443 3344 2855 3436; x_wconf 89' lang='lat' dir='ltr'>utrumque</span> <span class='ocrx_word' id='word_1_155' title='bbox 2890 3362 3245 3436; x_wconf 88' lang='lat' dir='ltr'>graecum</span> <span class='ocrx_word' id='word_1_156' title='bbox 3278 3344 3359 3415; x_wconf 91' lang='lat' dir='ltr'>et</span> <span class='ocrx_word' id='word_1_157' title='bbox 3387 3343 3721 3415; x_wconf 82' lang='lat' dir='ltr'>latinum</span> <span class='ocrx_word' id='word_1_158' title='bbox 3758 3341 4129 3436; x_wconf 90' lang='lat' dir='ltr'>scriptum</span> 
     </span>
     <span class='ocr_line' id='line_1_20' title="bbox 1253 3482 4129 3580; baseline -0 -23"><span class='ocrx_word' id='word_1_159' title='bbox 1253 3485 1332 3557; x_wconf 89' lang='lat' dir='ltr'>in</span> <span class='ocrx_word' id='word_1_160' title='bbox 1369 3483 1616 3558; x_wconf 91' lang='lat' dir='ltr'>lucem</span> <span class='ocrx_word' id='word_1_161' title='bbox 1673 3482 2012 3578; x_wconf 87' lang='lat' dir='ltr'>proferre</span> <span class='ocrx_word' id='word_1_162' title='bbox 2052 3505 2323 3579; x_wconf 89' lang='lat' dir='ltr'>operae</span> <span class='ocrx_word' id='word_1_163' title='bbox 2362 3484 2694 3580; x_wconf 90' lang='lat' dir='ltr'>pretium</span> <span class='ocrx_word' id='word_1_164' title='bbox 2736 3485 3368 3574; x_wconf 86' lang='lat' dir='ltr'>existimavimus,</span> <span class='ocrx_word' id='word_1_165' title='bbox 3409 3487 3580 3558; x_wconf 91' lang='lat' dir='ltr'>tum</span> <span class='ocrx_word' id='word_1_166' title='bbox 3618 3484 3909 3579; x_wconf 87' lang='lat' dir='ltr'>gloriae</span> <span class='ocrx_word' id='word_1_167' title='bbox 3949 3484 4129 3576; x_wconf 90' lang='lat' dir='ltr'>Mai,</span> 
     </span>
     <span class='ocr_line' id='line_1_21' title="bbox 1251 3624 4134 3723; baseline -0.001 -22"><span class='ocrx_word' id='word_1_168' title='bbox 1251 3630 1422 3701; x_wconf 91' lang='lat' dir='ltr'>tum</span> <span class='ocrx_word' id='word_1_169' title='bbox 1458 3626 1831 3702; x_wconf 88' lang='lat' dir='ltr'>historiae</span> <span class='ocrx_word' id='word_1_170' title='bbox 1870 3627 2120 3722; x_wconf 87' lang='lat' dir='ltr'>legali,</span> <span class='ocrx_word' id='word_1_171' title='bbox 2160 3631 2331 3701; x_wconf 91' lang='lat' dir='ltr'>tum</span> <span class='ocrx_word' id='word_1_172' title='bbox 2382 3630 2618 3700; x_wconf 91' lang='lat' dir='ltr'>etiam</span> <span class='ocrx_word' id='word_1_173' title='bbox 2657 3630 2991 3703; x_wconf 88' lang='lat' dir='ltr'>notitiae</span> <span class='ocrx_word' id='word_1_174' title='bbox 3046 3627 3272 3723; x_wconf 91' lang='lat' dir='ltr'>primi</span> <span class='ocrx_word' id='word_1_175' title='bbox 3328 3626 3944 3723; x_wconf 79' lang='lat' dir='ltr'>NomophylaciS‚</span> <span class='ocrx_word' id='word_1_176' title='bbox 4003 3624 4134 3721; x_wconf 86' lang='lat' dir='ltr'>qui</span> 
     </span>
     <span class='ocr_line' id='line_1_22' title="bbox 1255 3768 2812 3865; baseline 0.001 -22"><span class='ocrx_word' id='word_1_177' title='bbox 1255 3770 1406 3843; x_wconf 88' lang='lat' dir='ltr'>fuit</span> <span class='ocrx_word' id='word_1_178' title='bbox 1460 3769 1784 3843; x_wconf 86' lang='lat' dir='ltr'>Ioannes</span> <span class='ocrx_word' id='word_1_179' title='bbox 1837 3768 2303 3865; x_wconf 87' lang='lat' dir='ltr'>Xiphilinus,</span> <span class='ocrx_word' id='word_1_180' title='bbox 2362 3771 2812 3844; x_wconf 89' lang='lat' dir='ltr'>consulturi.</span> 
     </span>
    </p>

    <p class='ocr_par' dir='ltr' id='par_1_5' title="bbox 1249 3912 4137 5750">
     <span class='ocr_line' id='line_1_23' title="bbox 1411 3912 4131 4008; baseline -0 -23"><span class='ocrx_word' id='word_1_181' title='bbox 1411 3912 1525 3986; x_wconf 93' lang='lat' dir='ltr'>De</span> <span class='ocrx_word' id='word_1_182' title='bbox 1580 3914 1744 4008; x_wconf 91' lang='lat' dir='ltr'>ipsa</span> <span class='ocrx_word' id='word_1_183' title='bbox 1797 3913 1964 4007; x_wconf 91' lang='lat' dir='ltr'>lege</span> <span class='ocrx_word' id='word_1_184' title='bbox 2019 3912 2347 3986; x_wconf 88' lang='lat' dir='ltr'>fortasse</span> <span class='ocrx_word' id='word_1_185' title='bbox 2405 3912 2695 4008; x_wconf 91' lang='lat' dir='ltr'>aliquid</span> <span class='ocrx_word' id='word_1_186' title='bbox 2756 3912 3087 4007; x_wconf 88' lang='lat' dir='ltr'>praefari</span> <span class='ocrx_word' id='word_1_187' title='bbox 3145 3914 3560 4008; x_wconf 88' lang='lat' dir='ltr'>oporteret.</span> <span class='ocrx_word' id='word_1_188' title='bbox 3630 3912 3895 3987; x_wconf 89' lang='lat' dir='ltr'>Doctis</span> <span class='ocrx_word' id='word_1_189' title='bbox 3950 3934 4131 3988; x_wconf 89' lang='lat' dir='ltr'>vero</span> 
     </span>
     <span class='ocr_line' id='line_1_24' title="bbox 1250 4055 4131 4152; baseline -0.001 -22"><span class='ocrx_word' id='word_1_190' title='bbox 1250 4058 1484 4152; x_wconf 91' lang='lat' dir='ltr'>atque</span> <span class='ocrx_word' id='word_1_191' title='bbox 1539 4055 1900 4129; x_wconf 90' lang='lat' dir='ltr'>studiosis</span> <span class='ocrx_word' id='word_1_192' title='bbox 1956 4055 2326 4129; x_wconf 88' lang='lat' dir='ltr'>historiae</span> <span class='ocrx_word' id='word_1_193' title='bbox 2381 4055 3033 4150; x_wconf 89' lang='lat' dir='ltr'>iurisprudentiae</span> <span class='ocrx_word' id='word_1_194' title='bbox 3090 4056 3479 4130; x_wconf 87' lang='lat' dir='ltr'>sententia</span> <span class='ocrx_word' id='word_1_195' title='bbox 3546 4056 3852 4150; x_wconf 88' lang='lat' dir='ltr'>integra</span> <span class='ocrx_word' id='word_1_196' title='bbox 3926 4058 4131 4142; x_wconf 85' lang='lat' dir='ltr'>esto;</span> 
     </span>
     <span class='ocr_line' id='line_1_25' title="bbox 1251 4196 4133 4293; baseline -0 -22"><span class='ocrx_word' id='word_1_197' title='bbox 1251 4199 1700 4293; x_wconf 88' lang='lat' dir='ltr'>praesertim</span> <span class='ocrx_word' id='word_1_198' title='bbox 1757 4220 1928 4273; x_wconf 91' lang='lat' dir='ltr'>cum</span> <span class='ocrx_word' id='word_1_199' title='bbox 1993 4198 2190 4271; x_wconf 91' lang='lat' dir='ltr'>hanc</span> <span class='ocrx_word' id='word_1_200' title='bbox 2227 4198 2698 4291; x_wconf 88' lang='lat' dir='ltr'>provinciam</span> <span class='ocrx_word' id='word_1_201' title='bbox 2754 4197 2920 4270; x_wconf 89' lang='lat' dir='ltr'>iure</span> <span class='ocrx_word' id='word_1_202' title='bbox 2976 4197 3249 4271; x_wconf 90' lang='lat' dir='ltr'>merito</span> <span class='ocrx_word' id='word_1_203' title='bbox 3306 4196 3862 4291; x_wconf 88' lang='lat' dir='ltr'>suscipiendam</span> <span class='ocrx_word' id='word_1_204' title='bbox 3910 4217 4133 4290; x_wconf 87' lang='lat' dir='ltr'>roga-</span> 
     </span>
     <span class='ocr_line' id='line_1_26' title="bbox 1251 4337 4135 4434; baseline -0.002 -17"><span class='ocrx_word' id='word_1_205' title='bbox 1251 4343 1584 4417; x_wconf 88' lang='lat' dir='ltr'>verimus</span> <span class='ocrx_word' id='word_1_206' title='bbox 1640 4342 1902 4425; x_wconf 77' lang='lat' dir='ltr'>virum,</span> <span class='ocrx_word' id='word_1_207' title='bbox 1959 4341 2493 4431; x_wconf 91' lang='lat' dir='ltr'>clarissimum,</span> <span class='ocrx_word' id='word_1_208' title='bbox 2549 4340 2631 4413; x_wconf 91' lang='lat' dir='ltr'>in</span> <span class='ocrx_word' id='word_1_209' title='bbox 2688 4338 3122 4412; x_wconf 89' lang='lat' dir='ltr'>huiusmodi</span> <span class='ocrx_word' id='word_1_210' title='bbox 3180 4338 3591 4434; x_wconf 89' lang='lat' dir='ltr'>disciplinis</span> <span class='ocrx_word' id='word_1_211' title='bbox 3647 4339 3854 4413; x_wconf 89' lang='lat' dir='ltr'>certe</span> <span class='ocrx_word' id='word_1_212' title='bbox 3908 4337 4135 4411; x_wconf 93' lang='lat' dir='ltr'>modo</span> 
     </span>
     <span class='ocr_line' id='line_1_27' title="bbox 1249 4480 4137 4583; baseline -0.002 -22"><span class='ocrx_word' id='word_1_213' title='bbox 1249 4488 1686 4583; x_wconf 88' lang='lat' dir='ltr'>principem,</span> <span class='ocrx_word' id='word_1_214' title='bbox 1725 4486 2108 4559; x_wconf 81' lang='lat' dir='ltr'>Hilarium</span> <span class='ocrx_word' id='word_1_215' title='bbox 2149 4480 2579 4575; x_wconf 83' lang='lat' dir='ltr'>Alibrandi,</span> <span class='ocrx_word' id='word_1_216' title='bbox 2622 4486 2701 4556; x_wconf 93' lang='lat' dir='ltr'>in</span> <span class='ocrx_word' id='word_1_217' title='bbox 2740 4484 3089 4557; x_wconf 86' lang='lat' dir='ltr'>Romana</span> <span class='ocrx_word' id='word_1_218' title='bbox 3127 4484 3340 4558; x_wconf 90' lang='lat' dir='ltr'>curia</span> <span class='ocrx_word' id='word_1_219' title='bbox 3397 4483 3690 4576; x_wconf 83' lang='lat' dir='ltr'>legibus</span> <span class='ocrx_word' id='word_1_220' title='bbox 3746 4482 4137 4556; x_wconf 85' lang='lat' dir='ltr'>tradendis</span> 
     </span>
     <span class='ocr_line' id='line_1_28' title="bbox 1251 4623 4137 4725; baseline -0.002 -23"><span class='ocrx_word' id='word_1_221' title='bbox 1251 4630 1704 4725; x_wconf 89' lang='lat' dir='ltr'>magistrum</span> <span class='ocrx_word' id='word_1_222' title='bbox 1742 4628 2140 4722; x_wconf 86' lang='lat' dir='ltr'>insignem.</span> <span class='ocrx_word' id='word_1_223' title='bbox 2200 4626 2302 4700; x_wconf 85' lang='lat' dir='ltr'>Et</span> <span class='ocrx_word' id='word_1_224' title='bbox 2358 4648 2544 4701; x_wconf 91' lang='lat' dir='ltr'>sane</span> <span class='ocrx_word' id='word_1_225' title='bbox 2601 4628 2683 4698; x_wconf 90' lang='lat' dir='ltr'>in</span> <span class='ocrx_word' id='word_1_226' title='bbox 2739 4625 2882 4700; x_wconf 89' lang='lat' dir='ltr'>hac</span> <span class='ocrx_word' id='word_1_227' title='bbox 2919 4625 3086 4720; x_wconf 89' lang='lat' dir='ltr'>lege</span> <span class='ocrx_word' id='word_1_228' title='bbox 3124 4624 3454 4698; x_wconf 88' lang='lat' dir='ltr'>notitiae</span> <span class='ocrx_word' id='word_1_229' title='bbox 3492 4623 3682 4697; x_wconf 91' lang='lat' dir='ltr'>alias</span> <span class='ocrx_word' id='word_1_230' title='bbox 3719 4623 4137 4719; x_wconf 87' lang='lat' dir='ltr'>irrepertae</span> 
     </span>
     <span class='ocr_line' id='line_1_29' title="bbox 1252 4766 4137 4868; baseline -0.002 -24"><span class='ocrx_word' id='word_1_231' title='bbox 1252 4772 1771 4868; x_wconf 88' lang='lat' dir='ltr'>proferuntur.</span> <span class='ocrx_word' id='word_1_232' title='bbox 1809 4812 1899 4821; x_wconf 93' lang='lat'>—</span> <span class='ocrx_word' id='word_1_233' title='bbox 1938 4771 2421 4845; x_wconf 89' lang='lat' dir='ltr'>Noveramus</span> <span class='ocrx_word' id='word_1_234' title='bbox 2463 4770 2666 4843; x_wconf 90' lang='lat' dir='ltr'>enim</span> <span class='ocrx_word' id='word_1_235' title='bbox 2706 4770 2787 4841; x_wconf 92' lang='lat' dir='ltr'>in</span> <span class='ocrx_word' id='word_1_236' title='bbox 2829 4768 3206 4863; x_wconf 85' lang='lat' dir='ltr'>Capitolio</span> <span class='ocrx_word' id='word_1_237' title='bbox 3248 4766 3680 4863; x_wconf 88' lang='lat' dir='ltr'>Byzantino</span> <span class='ocrx_word' id='word_1_238' title='bbox 3718 4768 4137 4841; x_wconf 76' lang='lat' dir='ltr'>auditorium</span> 
     </span>
     <span class='ocr_line' id='line_1_30' title="bbox 1250 4909 4137 5009; baseline -0.003 -19"><span class='ocrx_word' id='word_1_239' title='bbox 1250 4916 1640 5007; x_wconf 76' lang='lat' dir='ltr'>variarum</span> <span class='ocrx_word' id='word_1_240' title='bbox 1696 4913 2268 5009; x_wconf 86' lang='lat' dir='ltr'>disciplinarum</span> <span class='ocrx_word' id='word_1_241' title='bbox 2346 4912 2937 4986; x_wconf 86' lang='lat' dir='ltr'>Constantinum</span> <span class='ocrx_word' id='word_1_242' title='bbox 3015 4910 3225 4983; x_wconf 91' lang='lat' dir='ltr'>urbis</span> <span class='ocrx_word' id='word_1_243' title='bbox 3288 4909 3546 5005; x_wconf 86' lang='lat' dir='ltr'>regiae</span> <span class='ocrx_word' id='word_1_244' title='bbox 3621 4912 3993 4983; x_wconf 85' lang='lat' dir='ltr'>statorem</span> <span class='ocrx_word' id='word_1_245' title='bbox 4058 4910 4137 4981; x_wconf 91' lang='lat' dir='ltr'>et</span> 
     </span>
     <span class='ocr_line' id='line_1_31' title="bbox 1251 5051 4135 5151; baseline -0.002 -22"><span class='ocrx_word' id='word_1_246' title='bbox 1251 5060 1645 5131; x_wconf 85' lang='lat' dir='ltr'>auctorem</span> <span class='ocrx_word' id='word_1_247' title='bbox 1701 5057 2213 5146; x_wconf 86' lang='lat' dir='ltr'>constituisse,</span> <span class='ocrx_word' id='word_1_248' title='bbox 2273 5058 2357 5129; x_wconf 90' lang='lat' dir='ltr'>et</span> <span class='ocrx_word' id='word_1_249' title='bbox 2411 5058 2681 5151; x_wconf 88' lang='lat' dir='ltr'>postea</span> <span class='ocrx_word' id='word_1_250' title='bbox 2736 5053 3039 5127; x_wconf 90' lang='lat' dir='ltr'>scholae</span> <span class='ocrx_word' id='word_1_251' title='bbox 3099 5051 3355 5147; x_wconf 89' lang='lat' dir='ltr'>legum</span> <span class='ocrx_word' id='word_1_252' title='bbox 3410 5074 3585 5127; x_wconf 91' lang='lat' dir='ltr'>cum</span> <span class='ocrx_word' id='word_1_253' title='bbox 3638 5052 3943 5147; x_wconf 90' lang='lat' dir='ltr'>publico</span> <span class='ocrx_word' id='word_1_254' title='bbox 4002 5052 4135 5125; x_wconf 90' lang='lat' dir='ltr'>sti-</span> 
     </span>
     <span class='ocr_line' id='line_1_32' title="bbox 1251 5159 4137 5294; baseline -0.003 -21"><span class='ocrx_word' id='word_1_255' title='bbox 1251 5199 1528 5294; x_wconf 87' lang='lat' dir='ltr'>pendio</span> <span class='ocrx_word' id='word_1_256' title='bbox 1585 5200 2091 5274; x_wconf 82' lang='lat' dir='ltr'>Theodosium</span> <span class='ocrx_word' id='word_1_257' title='bbox 2149 5198 2226 5271; x_wconf 95' lang='lat' dir='ltr'>II</span> <span class='ocrx_word' id='word_1_258' title='bbox 2281 5199 2822 5293; x_wconf 89' lang='lat' dir='ltr'>imperatorem</span> <span class='ocrx_word' id='word_1_259' title='bbox 2904 5196 3026 5268; x_wconf 88' lang='lat' dir='ltr'>vel</span> <span class='ocrx_word' id='word_1_260' title='bbox 3092 5159 3339 5267; x_wconf 52' lang='lat' dir='ltr'>novafe</span> <span class='ocrx_word' id='word_1_261' title='bbox 3412 5192 3536 5267; x_wconf 87' lang='lat' dir='ltr'>vel</span> <span class='ocrx_word' id='word_1_262' title='bbox 3604 5193 3958 5290; x_wconf 90' lang='lat' dir='ltr'>ampliori</span> <span class='ocrx_word' id='word_1_263' title='bbox 4029 5193 4137 5266; x_wconf 90' lang='lat' dir='ltr'>ibi</span> 
     </span>
     <span class='ocr_line' id='line_1_33' title="bbox 1253 5334 4133 5437; baseline -0.002 -21"><span class='ocrx_word' id='word_1_264' title='bbox 1253 5343 1743 5431; x_wconf 86' lang='lat' dir='ltr'>consuluisse,</span> <span class='ocrx_word' id='word_1_265' title='bbox 1803 5345 2036 5437; x_wconf 90' lang='lat' dir='ltr'>atque</span> <span class='ocrx_word' id='word_1_266' title='bbox 2065 5343 2194 5413; x_wconf 80' lang='lat' dir='ltr'>&#39;ius</span> <span class='ocrx_word' id='word_1_267' title='bbox 2236 5340 2601 5435; x_wconf 87' lang='lat' dir='ltr'>legalium</span> <span class='ocrx_word' id='word_1_268' title='bbox 2640 5338 3071 5411; x_wconf 88' lang='lat' dir='ltr'>scholarum</span> <span class='ocrx_word' id='word_1_269' title='bbox 3109 5335 3272 5408; x_wconf 86' lang='lat' dir='ltr'>fere</span> <span class='ocrx_word' id='word_1_270' title='bbox 3311 5334 3616 5429; x_wconf 90' lang='lat' dir='ltr'>privum</span> <span class='ocrx_word' id='word_1_271' title='bbox 3656 5335 3887 5409; x_wconf 89' lang='lat' dir='ltr'>fuisse</span> <span class='ocrx_word' id='word_1_272' title='bbox 3944 5336 4133 5409; x_wconf 81' lang='grc'><strong>0011-</strong></span> 
     </span>
     <span class='ocr_line' id='line_1_34' title="bbox 1251 5476 4133 5578; baseline -0.002 -20"><span class='ocrx_word' id='word_1_273' title='bbox 1251 5485 1875 5578; x_wconf 87' lang='lat' dir='ltr'>stantinopoleos,</span> <span class='ocrx_word' id='word_1_274' title='bbox 1945 5481 2464 5557; x_wconf 86' lang='lat' dir='ltr'>Alexandriae</span> <span class='ocrx_word' id='word_1_275' title='bbox 2536 5483 2617 5554; x_wconf 91' lang='grc'>613</span> <span class='ocrx_word' id='word_1_276' title='bbox 2671 5478 2963 5575; x_wconf 79' lang='lat' dir='ltr'>Beryti.</span> <span class='ocrx_word' id='word_1_277' title='bbox 3033 5476 3374 5551; x_wconf 89' lang='lat' dir='ltr'>Historia</span> <span class='ocrx_word' id='word_1_278' title='bbox 3438 5498 3744 5573; x_wconf 88' lang='lat' dir='ltr'>quoque</span> <span class='ocrx_word' id='word_1_279' title='bbox 3808 5500 3945 5552; x_wconf 91' lang='lat' dir='ltr'>nos</span> <span class='ocrx_word' id='word_1_280' title='bbox 4002 5477 4133 5551; x_wconf 90' lang='lat' dir='ltr'>do·</span> 
     </span>
     <span class='ocr_line' id='line_1_35' title="bbox 1251 5622 4129 5750; baseline -0.003 -45"><span class='ocrx_word' id='word_1_281' title='bbox 1251 5633 1516 5705; x_wconf 85' lang='lat' dir='ltr'>cuerat</span> <span class='ocrx_word' id='word_1_282' title='bbox 1570 5630 2143 5705; x_wconf 89' lang='lat' dir='ltr'>lamentabilem</span> <span class='ocrx_word' id='word_1_283' title='bbox 2199 5630 2507 5750; x_wconf 73' lang='lat' dir='ltr'>sortem,</span> <span class='ocrx_word' id='word_1_284' title='bbox 2565 5625 2997 5720; x_wconf 89' lang='lat' dir='ltr'>imperante</span> <span class='ocrx_word' id='word_1_285' title='bbox 3053 5622 3305 5697; x_wconf 89' lang='lat' dir='ltr'>Leone</span> <span class='ocrx_word' id='word_1_286' title='bbox 3342 5622 3703 5715; x_wconf 79' lang='lat' dir='ltr'>Isaurico,</span> <span class='ocrx_word' id='word_1_287' title='bbox 3746 5624 4129 5699; x_wconf 87' lang='lat' dir='ltr'>auditorio</span> 
     </span>
    </p>
   </div>
   <div class='ocr_carea' id='block_1_4' title="bbox 4537 4796 4539 6626">
    <p class='ocr_par' dir='ltr' id='par_1_6' title="bbox 4537 4796 4539 6626">
     <span class='ocr_line' id='line_1_36' title="bbox 4537 4796 4539 6626; baseline 0 0"><span class='ocrx_word' id='word_1_288' title='bbox 4537 4796 4539 6626; x_wconf 95' lang='lat' dir='ltr'> </span> 
     </span>
    </p>
   </div>
  </div>
 </body>
</html>
