4573 6666
1307 863 1396 910 m·
1439 863 1802 911 Arnammo
1849 863 2643 915 consummoromnuo
3324 855 3412 922 23

537 1075 792 1164 μνήμην
829 1075 1136 1140 ἀθάνατον
1168 1087 1284 1151 τῆς
1330 1082 1508 1165 ἡμῶν
1555 1078 1923 1168 γαληνότη-

536 1225 641 1278 τος
687 1201 1045 1292 πέπρακταί
1088 1224 1161 1266 τε
1193 1201 1299 1266 καὶ
1334 1201 1706 1294 γέγραπται,
1757 1202 1919 1294 μέγα

538 1328 714 1418 μέρος
761 1327 1026 1416 ἐσόμενα
1070 1337 1162 1411 τῷ
1209 1327 1424 1417 κόσμῳ
1469 1339 1586 1404 τῆς
1636 1321 1920 1406 εὐταξίας

535 1455 644 1518 καὶ
686 1453 847 1518 πολύ
893 1477 958 1517 τι
1003 1453 1242 1517 καλλίω
1289 1452 1396 1516 καὶ
1441 1454 1919 1545 συμφωνοτέραν

538 1578 1016 1671 ἀπεργασόμενοι
1062 1576 1181 1651 τὴν
1231 1579 1525 1668 ἁρμονίαν
1580 1588 1691 1643 τοῦ
1738 1582 1923 1642 πολι-

535 1705 862 1793 τεὺματος.

628 1834 848 1894 Ταῦτα
890 1827 999 1893 καὶ
1043 1832 1214 1916 ὑμεῖς
1259 1827 1400 1918 παρ’
1450 1833 1628 1917 ήμῶν
1693 1834 1925 1894 οἰκονο-

539 1951 819 2044 μηθέντα
845 1944 1190 2042 δεξάμενοι,
1225 1952 1326 2018 ἐπὶ
1350 1964 1504 2043 τιμῇ
1535 1977 1608 2019 τε
1635 1953 1744 2019 καὶ
1767 1945 1916 2041 δόξῃ

537 2089 652 2156 τῆς
671 2085 842 2167 ὑμῶν
867 2079 1132 2155 ἡλικίας,
1154 2071 1202 2142 ὦ
1223 2075 1754 2169 φιλομαθέστατοι
1779 2079 1921 2156 νέοι,

534 2205 796 2295 χάριτας
829 2204 1129 2294 μεγίστας
1177 2194 1451 2268 ἀπόδοτε
1483 2214 1564 2288 τῇ
1616 2203 1919 2288 ἀνωτάτω

536 2326 813 2404 θεότητι,
845 2327 884 2401 ἢ
936 2327 1256 2400 τοσαύτην
1305 2333 1474 2416 ὑμῶν
1521 2351 1596 2392 τε
1642 2328 1750 2392 καὶ
1795 2338 1920 2392 τῶν

537 2454 670 2544 μεθ’
696 2459 854 2543 ὑμᾶς
877 2453 1182 2542 ἐσομένων
1206 2452 1384 2520 ἔθετο
1417 2454 1724 2544 πρόνοιαν.
1753 2461 1922 2543 Απερ

535 2581 654 2675 γὰρ
683 2580 976 2671 ἐχαρίσθη
1009 2589 1132 2644 τῶν
1165 2581 1283 2670 πρὸ
1316 2585 1484 2668 ὑμῶν
1519 2570 1740 2655 οὐδενὶ,
1774 2587 1924 2642 ταῦ-

535 2731 620 2772 τα
645 2717 744 2771 νῦν
779 2703 1136 2798 φιλαγοὶθως
1169 2705 1286 2769 ὑπὸ
1315 2715 1431 2781 τῆς
1460 2702 1623 2779 θείας
1653 2703 1925 2794 χρηστό-

431 2907 458 2920 -
535 2855 730 2911 τητος
770 2835 912 2918 ὑμῖν
959 2827 1396 2919 ἐφιλοτιμήθη,
1429 2827 1499 2893 ἵν’
1531 2829 1742 2917 ἔχοιτε
1770 2836 1926 2891 κτᾶ-

539 2955 681 3021 σθαι
714 2946 928 3045 ῥαδίαν
961 2955 1123 3019 οὕτω
1149 2952 1256 3018 καὶ
1288 2955 1515 3018 ἄπονον
1539 2951 1658 3024 τὴν
1689 2949 1925 3015 πολυά-

539 3084 766 3170 σχολον
787 3077 811 3114 ²
842 3077 950 3142 καὶ
995 3069 1361 3168 δυσέφικτον
1393 3087 1519 3142 τῶν
1556 3077 1759 3164 νόμων
1804 3099 1924 3139 πα-

543 3197 814 3296 ραδοχήν
848 3203 894 3242 ³·
939 3203 1048 3268 καὶ
1093 3199 1675 3295 κατειργασμένην*
1715 3201 1920 3287 ὥσπερ

537 3331 773 3423 τροφὴν
799 3328 918 3404 τὴν
945 3321 1211 3419 διδαχὴν
1237 3319 1659 3418 ὑποδέχοισθε.
1695 3323 1923 3391 Οὐκέτι

538 3455 660 3548 γὰρ
691 3462 880 3545 ὑμεῖς,
916 3461 995 3531 ὡς
1028 3460 1086 3521 ol
1115 3455 1414 3545 πρότερον
1447 3453 1774 3544 αἰνίγμασι
1815 3450 1924 3514 καὶ

537 3584 773 3673 γρίφοις
819 3574 1194 3658 ἑντεύξεσθε,
1242 3588 1492 3670 γυμνοῖς
1547 3569 1921 3669 ἐξηγήσεως,

539 3720 672 3786 τοῖς
717 3715 988 3797 νομικοῖς
1019 3703 1186 3796 λέγω
1220 3703 1506 3794 ῥήμασιν,
1555 3692 1680 3765 οὐδ’
1716 3701 1924 3789 ὥσπερ

538 3842 839 3925 χρησμῶν
869 3854 1054 3897 τινων
1085 3821 1282 3906 λοξῶν
1331 3824 1767 3901 ἑπακοῦσεσθε,
1818 3824 1927 3889 ἅλ-

538 3965 652 4025 λου
698 3956 1082 4049 χρηστηρίου
1117 3944 1421 4043 δεομένων
1457 3955 1539 4027 εἰς
1569 3948 1688 4023 τὴν
1723 3950 1926 4039 σαφή-

541 4108 727 4150 νειαν·
760 4073 900 4147 οὐδὲ
935 4091 1050 4155 τῆς
1084 4081 1285 4141 αὐτῶν
1323 4066 1606 4151 διανοίας
1656 4073 1925 4163 ἀμφιβό-

542 4214 665 4285 λως
693 4201 1264 4294 καταμαντεύεσθε·
1291 4200 1471 4265 αὐτοὶ
1503 4199 1618 4289 πρὸ
1648 4208 1774 4263 τῶν
1809 4197 1926 4262 ἄλ-

543 4338 668 4399 λων
730 4336 970 4405 ἑαυτοῖς
1028 4333 1431 4402 ἀπιστοῦντες
1453 4378 1468 4401 ,
1526 4323 1666 4415 περὶ
1719 4316 1802 4387 ὧν
1853 4320 1925 4386 ἂν

544 4458 652 4524 καὶ
684 4450 926 4535 δόξοιτε
957 4454 1344 4537 καταλαβεῖν
1378 4454 1439 4516 ἐν
1481 4451 1749 4524 ἐκείνοις·
1783 4447 1917 4513 ἀλλ’

545 4580 986 4675 εὐκρινεστάτῃ
1025 4577 1134 4668 μὲν
1168 4576 1480 4667 ἑρμηνείᾳ,
1501 4596 1928 4663 πεπαρρησια-

544 4710 736 4799 σμένῃ
774 4699 841 4772 δὲ
871 4703 1155 4799 γλώττῃ,
1188 4700 1295 4766 καὶ
1323 4697 1720 4788 πανταχόθεν
1753 4696 1928 4786 ἑχού-

543 4860 620 4923 σῃ
669 4834 746 4899 τὸ
779 4830 1023 4923 ἀκριβές
1066 4852 1142 4893 τε
1173 4826 1280 4891 καὶ
1314 4826 1586 4911 βέβαιον,
1634 4824 1776 4899 τοὺς
1811 4847 1928 4887 σω-

541 4948 867 5051 τηριώδεις
895 4964 1021 5020 τῶν
1055 4953 1256 5042 νόμων
1289 4947 1706 5042 ἐπιγνώσεσθε
1749 4952 1928 5037 λογι-

544 5083 752 5173 σμοΰς·
797 5079 907 5146 καὶ
949 5079 1098 5168 πρὸς
1126 5086 1257 5153 τοῖς
1286 5085 1413 5140 τῶν
1447 5071 1704 5175 ἀψύχων.
1731 5070 1930 5165 γράμ-

544 5233 698 5299 μασι
743 5208 998 5294 βίβλων,
1046 5204 1141 5270 ἔτι
1186 5202 1293 5267 καὶ
1338 5196 1541 5280 ζώσης
1583 5194 1926 5263 ἀκούσεσθε

2429 961 2530 968 -—-.-.
2557 961 2844 968 —————--—-
2879 963 3018 970 .-.-—...
3042 963 3407 971 --.—.--——-

2030 1103 2153 1166 que
2187 1081 2561 1148 Serenitatis
2584 1088 2837 1148 nostrae
2872 1083 3243 1150 memoriam
3272 1090 3417 1151 acta

2029 1212 2178 1272 sunt
2197 1212 2262 1272 et
2283 1207 2541 1292 scripta,
2567 1229 2729 1292 quae
2750 1229 3049 1294 magnam
3077 1209 3217 1274 orbi
3240 1215 3416 1276 tran-

2029 1332 2411 1416 quillitatem
2476 1333 2785 1398 creabunt
2803 1383 2819 1408 ,
2880 1334 3209 1418 multoque
3272 1335 3416 1418 pul·

2029 1457 2343 1523 chriorem
2388 1459 2718 1543 magisque
2763 1459 3136 1526 concordem
3181 1460 3418 1526 facient

2029 1582 2415 1668 reipublicae
2461 1583 2877 1650 harmoniam.

2117 1829 2295 1896 Haec
2319 1852 2432 1896 vos
2454 1831 2647 1896 etiam
2672 1854 2709 1896 a
2732 1830 2913 1896 nobis
2936 1831 3228 1897 consulta
3252 1833 3418 1899 exci-

2029 1954 2278 2038 pientes
2338 1956 2417 2021 ad
2477 1957 2783 2021 honorem
2828 1956 3142 2040 decusque
3166 1958 3419 2033 ,aetatis

2029 2084 2285 2145 nostrae
2305 2131 2321 2160 ‚
2375 2103 2414 2145 o
2463 2080 2901 2145 studiosissimi
2961 2079 3410 2162 adolescenteS‚

2031 2204 2272 2289 gratias
2302 2204 2609 2289 plurimas
2640 2225 2975 2289 supremae
3008 2204 3249 2270 Deitati
3280 2207 3420 2290 agi-

2029 2333 2117 2408 te,
2153 2351 2315 2412 quae
2344 2327 2534 2394 talem
2569 2328 2749 2394 vobis
2774 2329 3168 2414 posterisque
3192 2332 3422 2398 vestris

2029 2475 2393 2520 mansuram
2408 2453 2869 2538 providentiam
2886 2455 3233 2520 constituit.
3250 2454 3422 2522 Nam
3440 2518 3452 2534 ,

2030 2600 2194 2663 quae
2239 2578 2477 2642 nemini
2523 2582 2671 2643 ante
2702 2600 2811 2642 vos
2858 2578 3111 2645 donata·
3133 2579 3413 2664 fuerunt,

2030 2725 2104 2768 ea
2147 2702 2329 2768 vobis
2358 2702 2569 2767 divina
2614 2703 2865 2769 bonitas
2896 2704 3131 2789 largita
3176 2711 3301 2786 est3
3348 2711 3423 2774 ut

2029 2827 2118 2892 sic
2163 2827 2455 2911 expedite
2484 2824 2505 2860 ¹
2553 2799 2669 2892 nec
2698 2827 3013 2894 laboriose
3045 2829 3209 2896 hanc
3254 2832 3422 2897 mul·

2027 2954 2134 3016 tae
2158 2951 2590 3035 occupationis
2617 2975 2691 3018 ac
2731 2952 3119 3020 difficultatis
3165 2955 3423 3038 plenam

2029 3075 2247 3161 legum
2300 3076 2627 3142 scientiam
2685 3077 3081 3158 condiscatis‚
3136 3083 3201 3144 et
3244 3083 3423 3146 tam-

2028 3221 2222 3284 quam
2282 3205 2574 3286 paratam
2634 3201 2813 3266 vobis
2877 3224 3084 3268 escam
3138 3205 3421 3273 sumatis.

2029 3323 2178 3391 Non
2225 3325 2393 3391 enim
2436 3325 2565 3391 iam
2609 3348 2740 3406 VOS,
2772 3329 2846 3391 ut
2889 3327 3159 3393 maiores
3200 3328 3422 3411 vestri,

2030 3450 2395 3533 aenigmata
2440 3437 2514 3513 'et
2568 3449 2833 3533 griphos
2889 3450 3423 3535 interpretatione

2031 3596 2259 3639 vacuos
2312 3574 2577 3657 legeti8‚
2625 3572 2862 3659 legalia
2916 3575 3187 3659 inquam
3240 3600 3425 3644 voca-

2031 3698 2203 3778 bula,
2249 3720 2365 3762 nec
2395 3697 2594 3762 veluti
2635 3698 2941 3781 quaedam
2976 3699 3238 3784 obliqua
3284 3722 3426 3767 ora·

2033 3822 2195 3903 cula,
2220 3844 2385 3907 quae
2408 3822 2535 3887 alio
2569 3844 2789 3887 rursus
2822 3824 3080 3889 oraculo
3111 3825 3425 3891 declarari

2031 3948 2369 4033 requirunt
2396 3944 2422 3985 ⁶
2453 3947 2741 4027 audietis,
2774 3970 2977 4032 neque
3007 3949 3239 4014 horum
3277 3970 3421 4013 sen·

2033 4095 2174 4138 num
2220 4072 2595 4156 ambiguum
2641 4071 2978 4137 divinando
3028 4072 3420 4156 adsequemi-

2033 4198 2122 4277 ni,
2157 4196 2471 4262 vobismet
2493 4196 2670 4280 prius
2695 4218 2883 4280 quam
2909 4194 3049 4260 aliis
3075 4196 3426 4262 diffidentes

2032 4322 2184 4407 quid
2220 4321 2622 4405 potissimum
2668 4321 2735 4383 in
2766 4320 3016 4405 legibus
3060 4320 3422 4406 intelligere

2034 4446 2442 4524 existimetis3
2476 4445 2583 4510 sed
2613 4444 2999 4509 lucidissima
3039 4445 3429 4529 interpreta-

2031 4572 2225 4651 tione,
2267 4594 2342 4636 ac
2386 4568 2719 4634 tutissimis
2763 4568 2991 4648 verbis,
3040 4572 3105 4633 et
3145 4590 3427 4654 quaque-

2030 4718 2250 4761 versus
2310 4697 2675 4759 accuratum
2733 4691 3115 4777 firmumque
3175 4714 3428 4757 sensum

2033 4819 2435 4898 habentibuS,
2468 4817 2777 4883 salutares
2808 4816 3026 4902 legum
3058 4837 3273 4881 sensus
3322 4836 3427 4881 co-

2034 4944 2374 5029 gnoscenda,
2408 4946 2473 5009 et
2516 4945 2771 5025 praeter
2804 4941 3297 5005 inanimatorum
3343 4938 3427 5003 li-

2035 5070 2295 5136 brorum
2342 5069 2592 5132 litteras
2646 5064 2855 5129 vivam
2909 5034 3163 5147 quoque
3206 5064 3427 5148 legum

2035 5218 2220 5261 voces
2265 5192 2553 5270 audietiS,
2598 5211 2791 5273 quam
2838 5193 3057 5253 nostra
3102 5188 3428 5253 Serenitas

693 5406 712 5443 ¹
751 5400 1056 5459 Versionis
1091 5399 1362 5455 Maianae
1397 5395 1498 5452 fol.
1540 5394 1623 5450 17.
1659 5424 1704 5436 -
1739 5395 1762 5430 ²
1798 5390 2033 5449 Codicis
2055 5386 2297 5462 pagella
2322 5383 2514 5459 prima
2536 5381 2667 5438 folii
2690 5382 2813 5436 290.
2838 5411 2878 5423 -
2898 5382 2923 5419 ³
2950 5378 3161 5436 Graeci
3186 5394 3431 5451 apogra-

551 5495 658 5569 phi
679 5492 902 5549 Maiani
925 5491 1026 5547 fol.
1055 5491 1138 5545 18.
1163 5521 1214 5531 -
1248 5491 1272 5525 ⁴
1308 5488 1507 5543 Codex
1537 5485 1702 5557 prius
1738 5480 1856 5539 vid.
1897 5501 2087 5549 κατηρ..
2127 5482 2339 5550 postea
2376 5492 2579 5543 κατιιρ..
2604 5470 2678 5525 ab
2706 5469 3127 5569 eadem-manu·
3160 5468 3357 5569 habet.
3392 5494 3433 5508 -

552 5589 576 5625 ⁵
612 5582 809 5640 Verba
845 5599 951 5638 sex
987 5578 1292 5654 superiora
1325 5576 1462 5631 huic
1495 5569 1757 5631 versioni
1793 5568 2062 5641 apposita
2085 5565 2337 5624 veniunt
2364 5581 2437 5619 ex
2474 5560 2590 5616 alio
2617 5559 2937 5631 exemplari
2973 5574 3267 5614 vex-Sionis
3304 5555 3433 5611 Ma-

553 5674 727 5729 ianae
762 5670 826 5727 in
863 5670 1058 5727 codice
1095 5668 1279 5725 citato
1315 5664 1418 5721 fol.
1458 5664 1507 5718 7.
