4573 6666
1249 820 1335 886 20
2335 845 2423 888 na
2470 845 2695 892 amun
2742 845 3041 892 cus-rona

1284 933 1398 942 -----
1430 935 1731 942 -Ψῄ-
2102 939 2379 946 --——-—-—

1615 1187 1652 1272 5
1703 1190 1804 1255 10.
1853 1189 1925 1256 Ε
1961 1191 2170 1292 schola
2217 1193 2419 1276 leyum
2466 1194 2787 1278 eliyendos
2830 1197 2967 1264 vult
3009 1217 3203 1264 novos
3249 1197 3767 1285 Nomophylaoes.

1345 1435 1394 1507 ι’.
1432 1443 1630 1510 Ἀλλά
1649 1441 1671 1480 ¹
1705 1455 1910 1510 ταῦτα
1939 1445 2048 1536 μὲν
2071 1443 2194 1512 οἷον
2225 1437 2635 1538 διαμαρτυρία

2838 1449 2939 1517 10.
2989 1449 3289 1518 Attamen
3344 1451 3520 1532 haec,
3576 1475 3689 1519 ceu
3740 1452 4165 1520 contestatio

1254 1592 1346 1644 τις
1379 1569 1526 1660 πρὸς
1556 1570 1700 1648 τοὺς
1745 1574 2021 1662 ὕστερον·
2055 1577 2122 1638 οὺ
2157 1573 2280 1662 μὴν
2332 1573 2469 1638 ἀλλ’
2520 1577 2634 1661 οὐχ
2744 1576 3071 1658 quaedam,
3118 1581 3341 1643 contra
3366 1579 3747 1662 posteriores
3776 1578 3947 1644 dicta
3986 1579 4163 1644 sint.

1254 1697 1488 1768 ἥκιστα
1533 1699 1641 1763 καὶ
1685 1699 1758 1764 τὸ
1813 1699 2038 1790 κράτος
2083 1706 2282 1786 ἡμῶν,
2343 1701 2495 1767 αὑτό
2560 1723 2631 1764 τε
2742 1701 2997 1766 Etenim
3018 1701 3189 1768 haud
3212 1705 3415 1770 secius
3432 1703 3721 1771 Potestas
3738 1709 3961 1770 nostra
3978 1702 4167 1769 NO-

1253 1825 1561 1899 παντοίως
1608 1826 2058 1913 ἐπιμελήσεται
2087 1837 2204 1902 τῆς
2237 1835 2345 1890 τοῦ
2389 1829 2645 1889 ΝΟΜΟ-

1256 1953 1646 2016 ΦΥΛΑΚΟΣ
1678 1953 2131 2040 προχειρίσεως,
2167 1948 2284 2016 ἀν’
2316 1951 2425 2016 καὶ
2453 1950 2641 2016 πάλιν

1255 2075 1486 2140 τούτου
1519 2067 1750 2148 δεήσοι·
1780 2077 1887 2141 καὶ
1916 2088 2046 2153 τοῖς
2080 2077 2204 2165 μεθ’
2254 2083 2420 2165 ἡμᾶς
2470 2067 2645 2160 βασι-

1253 2205 1463 2268 λεῦσιν
1497 2203 1873 2277 ἐπισκήπτει
1895 2201 1980 2269 τὰ
2013 2204 2447 2291 παραπλήσια·
2482 2193 2645 2290 μηδὲ

1257 2328 1376 2420 γὰρ
1399 2319 1523 2393 ἴδοι
1548 2354 1612 2394 τι
1637 2339 1919 2394 τοιοῦτον
1944 2328 2351 2418 τολμώμενον
2378 2324 2645 2394 ἐνταῦθα

1259 2457 1290 2517 ὁ
1337 2457 1533 2531 ἥλιος,
1569 2451 1668 2520 οἷα
1699 2459 1813 2520 κάν
1847 2465 1978 2531 τοῖς
2013 2453 2226 2529 ἄλλοις
2257 2455 2453 2519 ἐνίοτε
2487 2477 2647 2541 συμ-

1261 2581 1459 2664 βαίνει
1505 2579 1889 2668 μαθήμασιν·
1953 2573 2036 2644 ὧν
2090 2582 2188 2644 ἵνα
2237 2570 2434 2668 μηδὲν
2494 2579 2646 2644 ε’ίπω

1256 2705 1466 2784 πλέον,
1515 2709 1625 2771 οὐκ
1671 2708 1901 2771 ἐπαινῶ
1945 2704 2030 2770 τὰ
2075 2704 2302 2770 πολλά.

1352 2838 1488 2896 Τῶν
1511 2831 1535 2868 ³
1561 2831 1704 2922 παρ’
1733 2833 1984 2908 ἐκείνοις
2009 2833 2212 2896 τοίνυν
2237 2835 2367 2902 πλη
2378 2835 2650 2919 μμελου-

1267 2957 1464 3046 μένων
1497 2949 1576 3024 δι’
1613 2951 1979 3048 ἀπροσεξίαν
2027 2957 2066 3028 ἦ
2116 2956 2223 3021 καὶ
2269 2955 2646 3032 σκαιότητα,

1264 3073 1440 3148 οὐδὲν
1485 3087 1811 3158 παντελῶς
1871 3080 1971 3147 ἐπὶ
2030 3091 2143 3146 τοῦ
2191 3079 2456 3169 θέματος
2502 3078 2649 3144 τού-

1265 3233 1399 3286 του,
1449 3207 1591 3274 κατ’
1644 3198 1864 3272 οὐδένα
1909 3207 2127 3296 χρόνον
2175 3204 2214 3278 ἢ
2250 3206 2478 3294 τρόπον
2516 3208 2652 3270 ἀνε-

1267 3333 1514 3425 χόμεθα
1561 3321 1861 3425 γίνεσθαι·
1911 3330 2047 3397 ἀλλ’
2097 3336 2327 3398 ἐκεῖνον
2372 3336 2453 3407 εἰς
2500 3329 2652 3395 ταὺ-

1265 3484 1384 3533 την
1415 3458 1536 3533 τὴν
1567 3449 1894 3548 προεδρίαν
1928 3462 2264 3545 καλοῦμεν,
2300 3460 2530 3521 ἐκεῖνον
2566 3460 2649 3530 εἰς

1263 3588 1340 3651 τὸ
1371 3582 1516 3674 ὕψος
1551 3594 1662 3649 τοῦ
1693 3579 1981 3664 ζηλωτοῢ
2019 3582 2246 3649 τούτου
2280 3581 2495 3671 θρόνου
2526 3604 2652 3646 πα-

1237 3704 1681 3803 ραδεχόμεθα,
1726 3711 1836 3775 τὸν
1869 3707 2085 3773 αὐτόθι
2119 3708 2226 3797 μὲν
2260 3707 2347 3773 τὰ
2392 3717 2516 3772 τῶν
2548 3705 2651 3771 νό-

1269 3862 1398 3927 μων
1437 3842 1655 3912 ἱκανῶς
1687 3828 2140 3913 ἑξασκήσαντα·
2159 3829 2397 3909 αὐτόθι,
2424 3822 2491 3896 δὲ
2522 3841 2657 3895 πεῖ-

1273 3986 1380 4054 ραν
1427 3966 1648 4026 ἑαυτοῦ
1697 3950 2054 4035 δεδωκότα,
2101 3958 2209 4021 καὶ
2255 3966 2379 4021 τῶν
2427 3959 2653 4021 ἑαυτοῦ

1267 4084 1544 4171 πλείστῳ
1593 4086 1797 4177 μέτρῳ
1858 4076 2258 4174 διενεγκόντα
2306 4106 2655 4172 συμφοιτη-

1276 4222 1402 4279 τῶν
1421 4209 1467 4289 ⁴,
1517 4208 1812 4303 μεγέθει”
1842 4234 1916 4275 τε
1963 4209 2196 4299 φύσεως
2228 4208 2337 4271 καὶ
2384 4198 2658 4284 σπουδῆς

1271 4340 1534 4423 εὐτονία,
1584 4338 1677 4403 ἔτι
1725 4328 1792 4403 δὲ
1836 4335 1944 4400 καὶ
1973 4333 2263 4427 γλώσσης
2298 4334 2503 4422 εὐροίᾳ
2548 4332 2659 4399 καὶ

1270 4463 1695 4553 πολυμαθείας
1724 4464 2060 4552 περιουσίᾳ,
2099 4461 2204 4525 καὶ
2250 4462 2326 4526 τὸ
2362 4460 2655 4553 μέγιστον

1273 4590 1545 4667 πάντων,
1577 4591 1822 4680 τρόπων
1859 4588 2269 4678 χρηστότητι.
2306 4586 2658 4651 Συνελόντα

1277 4706 1327 4779 δ’
1365 4722 1575 4791 εἰπεῖν,
1611 4712 1732 4791 οἷος
1756 4708 1931 4790 οὗτος
1967 4718 1997 4777 ὁ
2032 4723 2271 4804 πρῶτος
2302 4684 2445 4803 παρ’
2482 4719 2659 4801 ἡμῶν

1272 4838 1669 4931 προβληθεὶς,
1716 4841 1817 4905 ὲπί
1861 4863 1934 4903 τε
1967 4850 2096 4915 τοῖς
2131 4840 2345 4914 ἄλλοις
2392 4839 2466 4904 τὸ
2521 4842 2662 4904 ἀνε-

1274 4968 1591 5039 πίληπτον
1649 4966 1842 5055 ἔχων,
1893 4963 1999 5028 καὶ
2057 4976 2171 5039 τῆς
2234 4973 2362 5028 τῶν
2425 4969 2661 5029 λοιπῶν

1279 5090 1667 5181 μαθημάτων
1704 5096 1820 5181 οὐχ
1854 5086 2069 5165 ἧττον,
2099 5088 2136 5163 ἢ
2167 5101 2281 5165 τῆς
2308 5100 2433 5154 τῶν
2461 5090 2663 5180 νόμων

2752 1825 3261 1894 MOPHYLAOI
3290 1829 3602 1914 eligendo,
3634 1831 3686 1895 si
3720 1853 3880 1916 opus
3910 1831 4161 1910 fuerit,

2750 1951 3147 2037 diligentiam
3208 1955 3564 2037 adhibebit,
3616 1961 3685 2022 et
3740 1979 4165 2024 successores

2750 2079 2953 2143 nostri
2978 2079 3393 2162 imperatores
3416 2103 3535 2166 par
3558 2104 3711 2148 cura
3734 2089 3965 2150 manet.
4004 2082 4163 2149 Ne-

2750 2225 2875 2288 que
2920 2204 3085 2269 enim
3134 2205 3337 2272 ullum
3383 2208 3741 2274 huiusmodi
3780 2233 4006 2276 ausum
4046 2209 4159 2276 sol
4252 2255 4267 2266 ·

2752 2328 2871 2394 hac
2914 2329 2981 2393 in
3026 2351 3096 2394 re
3142 2331 3402 2412 videbit,
3460 2331 3645 2418 quale
3702 2336 4025 2402 interdum
4080 2337 4159 2400 in

2752 2453 3097 2538 disciplinis
3130 2457 3269 2522 aliis
3298 2459 3637 2570 contingit,
3676 2483 3836 2545 quas
3866 2483 3947 2526 ne
3976 2461 4155 2546 quid

2753 2579 3027 2664 amplius
3070 2581 3295 2662 dicam,
3341 2583 3522 2650 valde
3566 2607 3691 2650 non
3736 2585 3943 2652 laud0.

2842 2829 3013 2896 Nam
3044 2853 3205 2916 quae
3228 2834 3293 2896 in
3319 2833 3447 2898 illis
3477 2833 3579 2900 vel
3610 2834 4003 2920 negligentia
4030 2836 4153 2902 vel

2752 2955 2997 3021 malitia
3042 2963 3403 3040 peccantur,
3436 2981 3511 3024 ea
3540 2961 3603 3025 in
3638 2963 3957 3044 praesenti
3986 2985 4151 3046 pro-

2754 3083 2962 3166 posito
3006 3085 3143 3149 fieri
3174 3085 3308 3150 ullo
3338 3091 3624 3171 tempore
3654 3092 3768 3154 aut
3798 3090 3981 3154 modo
4020 3111 4149 3173 pa-

2753 3207 3015 3289 tiemur3
3063 3211 3169 3276 sed
3214 3210 3397 3276 illum
3456 3213 3535 3278 ad
3594 3217 3847 3278 tantum
3896 3214 4147 3298 praesi-

2754 3339 2973 3405 datum
3042 3341 3573 3424 promovebimuS,
3635 3340 3821 3406 illum
3874 3341 4139 3425 inquam

2754 3466 2835 3531 ad
2882 3466 3125 3550 apicem
3169 3466 3358 3531 huius
3406 3465 3765 3549 expetibilis
3794 3466 4139 3532 cathedrae

2759 3591 3143 3671 attollemus,
3190 3591 3303 3675 qui
3342 3591 3473 3656 illic
3520 3590 3611 3675 (in
3658 3589 3899 3672 schola)
3930 3591 3996 3653 in
4040 3589 4136 3654 le-

2760 3716 2948 3800 gibus
2992 3715 3241 3781 abunde
3272 3738 3339 3781 se
3370 3716 3742 3793 exercuerit,
3777 3714 4135 3798 ibidemque

2760 3842 2855 3906 sui
2902 3842 3404 3925 experimentum
3448 3840 3711 3919 dederit,
3746 3842 3811 3905 et
3842 3839 4137 3923 proprios

2762 3965 3223 4050 condiscipulos
3268 3964 3464 4049 longo
3508 3964 3852 4029 intervallo
3886 3985 4146 4047 supera-

2763 4092 2945 4171 verit,
2990 4112 3107 4155 nec
3150 4112 3281 4156 non
3326 4080 3763 4175 magnitudine
3808 4088 4048 4173 ingenii
4076 4092 4149 4153 et

2766 4214 3122 4280 sedulitatis
3162 4214 3400 4297 vigore,
3432 4214 3691 4297 linguae
3720 4213 3879 4278 item
3920 4213 4144 4279 facun-

2765 4340 2867 4405 dia
2911 4344 2977 4405 et
3023 4338 3393 4404 eruditionis
3432 4338 3632 4423 copia,
3664 4338 3961 4423 quodque
4006 4336 4150 4421 plu-

2764 4466 2910 4531 rimi
2941 4469 3037 4531 est
3068 4486 3319 4529 morum
3354 4464 3636 4529 bonitate
3666 4463 3937 4529 excellat
3962 4456 4029 4539 ’ς
4074 4464 4151 4525 ut

2766 4591 3138 4676 compendio
3184 4591 3407 4669 dicam,
3454 4589 3605 4654 talis
3648 4588 3755 4667 sit,
3797 4585 4002 4672 qualis
4047 4586 4149 4651 hic

2766 4718 3010 4802 primus
3066 4740 3103 4781 a
3163 4715 3345 4781 nobis
3405 4715 3676 4793 electus»,
3724 4712 3836 4804 qui
3898 4716 4151 4797 praeter

2769 4838 2925 4909 alias
2958 4842 3155 4920 doteS,
3202 4838 3775 4924 irreprehensibilis
3807 4841 3923 4916 est,
3956 4841 4023 4901 et
4052 4856 4151 4901 ce·-

2769 4972 3049 5033 terarum
3074 4966 3483 5033 scientiarum
3499 4959 3525 4997 '¹
3551 4964 3719 5029 haud
3738 4964 3947 5028 minus
3963 4984 4149 5046 quam

2769 5092 3297 5177 iurisprudentiae
3374 5088 3879 5157 callentissimus
3955 5087 4153 5153 Volu-

1270 5208 1592 5293 εἰδήσεως,
1643 5216 2093 5306 ἐμπειρότατος
2148 5216 2250 5281 ὥν.
2305 5214 2667 5305 Βουλόμεθα
2772 5240 2912 5283 mus
2937 5218 3106 5283 enim
3130 5240 3337 5283 sacras
3362 5221 3610 5281 nostras
3634 5216 3807 5300 leges
3832 5220 4155 5299 tamquam

1423 5427 1440 5462 ¹
1477 5425 1633 5481 Hinc
1668 5428 2079 5500 paragraphus
2119 5429 2187 5483 17
2215 5426 2491 5483 editionis
2516 5426 2947 5499 Gottingensis.
2974 5458 3013 5469 —·
3034 5428 3057 5464 ²
3082 5426 3177 5482 Sic
3205 5426 3418 5497 Codex,
3459 5425 3565 5481 sed
3600 5423 3724 5481 Mai
3762 5428 3823 5479 et
3862 5422 3953 5477 ed.
3994 5420 4153 5476 Gott.

1280 5514 1356 5567 ἂν.
1396 5513 1492 5569 Sic
1527 5515 1778 5571 inferius
1815 5518 1922 5570 κᾶν.
1963 5549 1983 5557 -

2026 5518 2050 5554 ³
2084 5518 2239 5571 Hinc
2275 5518 2686 5588 paragraphus
2715 5517 2785 5571 18
2821 5516 3099 5572 editionis
3138 5514 3567 5586 Gott-ingensis.
3607 5546 3645 5556 ·-
3666 5516 3689 5551 ⁴
3712 5513 3834 5569 Mai
3858 5512 3955 5567 hic
3978 5510 4161 5565 habet

1279 5608 1564 5675 συμφυτῶν-
1590 5634 1634 5645 -
1670 5608 1693 5643 ⁵
1730 5604 1964 5661 Codicis
2003 5606 2240 5679 pagella
2277 5606 2469 5660 altera
2506 5605 2636 5660 folii
2670 5604 2791 5659 288.
2831 5637 2868 5646 —
2894 5607 2917 5641 ⁶
2942 5606 3141 5661 Verba
3166 5610 3299 5659 octo
3338 5602 3541 5659 addita
3578 5620 3610 5659 e
3648 5600 3937 5659 versionis
3973 5598 4162 5677 primo

1282 5692 1606 5767 exemplari
1640 5693 1680 5749 f.
1723 5694 1769 5748 7.
1808 5726 1846 5737 -
1881 5697 1905 5732 ὃ
1943 5696 2204 5751 Verbum
2242 5696 2317 5751 ab
2355 5694 2561 5751 eodem
2600 5694 2940 5771 exemplari.
