4573 6666
1189 918 1278 963 m
1321 917 1684 964 Arnmuno
1731 918 2525 967 consummopom‘rmo
2717 929 2726 934 ·
3250 907 3289 972 5

418 1137 796 1228 nemachi,
854 1137 1070 1212 cuius
1123 1137 1616 1232 imperatorio
1669 1139 1944 1231 edicto,
1985 1163 2220 1214 manu
2255 1165 2398 1215 sua
2435 1163 2569 1236 per
2606 1142 3077 1217 cinnabarim
3116 1145 3291 1218 sub-

419 1280 724 1377 script0,
783 1285 872 1354 ut
929 1304 1092 1355 mos
1134 1286 1304 1356 erat
1341 1285 1928 1378 imperatoribus
1975 1288 2209 1380 atque
2263 1286 2875 1381 imperatricibus
2908 1287 2925 1320 ¹
2970 1287 3293 1383 aliisque

419 1424 770 1518 augustis
825 1424 1319 1517 subscribere,
1361 1426 1747 1500 consuluit
1781 1426 2154 1521 profectui
2202 1428 2590 1503 studiosae
2644 1429 3118 1518 iuventutis;
3177 1433 3293 1503 at-

413 1589 566 1668 que
605 1563 744 1642 hoc
782 1571 1005 1663 pacto
1045 1569 1368 1643 ulterius
1409 1569 1885 1644 demonstrat
1923 1574 2212 1666 quanto
2268 1571 2351 1644 in
2407 1572 2655 1668 pretio
2710 1571 3102 1646 institutio
3158 1572 3293 1645 illa

420 1711 722 1786 scholae
777 1710 1044 1806 legalis
1095 1714 1282 1785 tunc
1320 1714 1554 1787 etiam
1594 1713 2028 1788 haberetur.
2071 1714 2375 1826 Titulus
2414 1717 2530 1789 his
2577 1716 2923 1790 versibus
2977 1738 3293 1812 praepo·

423 1853 617 1928 situs
672 1854 997 1928 fortasse
1051 1878 1205 1928 non
1259 1855 1496 1944 venit,
1555 1859 1647 1929 ut
1685 1857 2039 1947 arbitror,
2099 1881 2146 1930 a
2201 1881 2434 1932 manu
2489 1859 3055 1933 Euchaitensis:
3113 1858 3301 1934 dicit

423 1999 626 2074 enim
707 2006 791 2078 εἰς
852 1999 972 2074 τὴν
1035 1992 1140 2066 διὰ
1199 2001 1614 2094 κινναβάρεως
1672 2002 1962 2096 χαραγὴν
2021 2013 2147 2070 τῶν
2204 1991 2445 2095 σχεδῶν
2465 1995 2515 2094 ¹,
2553 2005 2631 2078 in
2685 2003 3085 2078 chartarum
3136 1999 3297 2078 sub-

424 2142 786 2234 scriptione
839 2143 1052 2216 colore
1105 2143 1522 2218 cinnabaris.
1579 2144 1859 2219 Versus
1917 2149 2179 2222 autem
2233 2147 2318 2219 hi
2370 2149 2595 2220 sunt:

1135 2429 1188 2486 11
1235 2399 1544 2490 &morou
1589 2424 1726 2516 χεὶρ
1773 2435 1886 2490 τοῦ
1935 2435 2120 2516 σοφοῦ
2169 2425 2546 2517 Μονομάχου

1133 2546 1440 2620 Αληθινὸν
1486 2557 1626 2615 νοῦν
1674 2551 1952 2623 ἐντίθησι
1995 2560 2124 2628 τοῖς
2168 2550 2344 2628 νέοις,

1137 2672 1327 2738 Ανθεῖ
1369 2669 1867 2765 καταχρώζουσα
1911 2675 2353 2766 πορφυροχρόῳ

1138 2805 1472 2880 Βασιλικῆς
1519 2801 1840 2895 γνώρισμα
1886 2805 2172 2892 λαμποὸν
2220 2796 2413 2882 ἀξίας.

959 3009 1226 3081 Manus
1277 3009 1604 3100 sapientis
1656 3010 2096 3102 imperatorie
2150 3009 2593 3082 Monomachi

979 3153 1194 3228 Veras
1246 3156 1832 3246 interpretationes
1869 3155 2155 3260 praebet
2207 3155 2585 3245 iuvenibuS,

957 3295 1282 3370 Floribus
1323 3299 1664 3390 purpurei
1717 3298 1953 3372 coloris
2006 3298 2305 3389 inferius
2358 3319 2610 3371 ornans

957 3436 1416 3535 Splendidam
1473 3451 1952 3549 aryumentum
2004 3446 2234 3536 reqiae
2288 3444 2661 3536 diynitatie.

586 3728 1020 3806 DeJoanne
1058 3734 1316 3805 autem
1357 3730 1844 3805 Euchaitensi
1869 3731 2103 3825 plura
2141 3730 2275 3803 alii
2315 3729 2593 3819 dixere,
2634 3730 2837 3804 inter
2891 3752 3079 3825 quos
3118 3730 3306 3803 dan·

427 3874 704 3968 ningus
760 3877 840 3948 et
893 3872 1248 3970 Rayaeus
1280 3874 1327 3964 ³,
1367 3874 1757 3947 Fabricius
1795 3875 1876 3947 et
1911 3872 2182 3947 Harles
2211 3874 2259 3965 ⁴,
2303 3872 2668 3947 Ballerini
2709 3872 2889 3947 Ant.
2920 3872 2969 3965 ⁶,
3020 3874 3307 3947 Bustus

429 4014 869 4089 Matthaeus
925 4015 1324 4089 Etonensis
1354 4016 1403 4107 ⁶,
1464 4014 1662 4089 Cave
1693 4014 1740 4088 ².

585 4162 750 4236 Hoc
807 4162 1115 4261 tantum
1169 4161 1433 4256 itaque
1487 4161 1703 4234 nobis
1769 4162 2036 4251 restat,
2112 4162 2205 4232 ut
2280 4181 2431 4254 quo
2504 4162 2729 4254 pacto
2798 4179 2937 4257 nos
3002 4159 3084 4230 in
3164 4158 3309 4232 hac

432 4306 638 4403 typis
675 4302 1050 4378 tradenda
1098 4304 1261 4399 lege
1299 4304 1692 4399 gessimus,
1733 4305 2190 4399 aperiamus,
2234 4300 2609 4377 Graecum
2646 4304 2953 4376 textum
2990 4322 3083 4375 ex
3121 4322 3301 4395 apo·

428 4448 716 4542 grapho
773 4446 1049 4542 Angeli
1101 4446 1258 4519 Mai
1313 4446 1800 4541 desumptum
1855 4468 2012 4519 non
2071 4445 2291 4517 modo
2350 4466 2523 4519 cum
2580 4444 2916 4519 editione
2993 4441 3296 4518 Gottin-

428 4589 666 4685 gensi,
723 4588 855 4664 sed
907 4593 991 4662 et
1045 4611 1216 4663 cum
1269 4590 1432 4684 ipso
1489 4588 1742 4663 codice
1797 4588 2282 4678 contulimuS,
2342 4589 2423 4660 et
2494 4588 2559 4660 si
2632 4585 2814 4682 quid
2889 4588 3091 4661 esset
3162 4607 3299 4659 no-

427 4732 749 4806 tandum
807 4730 1136 4805 fideliter
1191 4731 1896 4805 animadvertimus,
1966 4730 2188 4804 Certe
2268 4728 2576 4824 quidem
2652 4728 2922 4819 MaiuS,
2997 4728 3061 4801 si
3132 4729 3292 4822 ipse

427 4876 634 4971 typis
687 4874 908 4946 illum
964 4874 1484 4963 commisisset,
1543 4874 1637 4946 ad
1693 4873 2021 4947 codicem
2073 4872 2544 4963 contulisset,
2590 4874 2671 4945 et
2726 4892 2923 4966 quae
2961 4892 3139 4945 eum
3177 4869 3297 4943 fu-

573 5095 899 5152 ¹Refertur
936 5094 1296 5167 subscriptio
1333 5112 1632 5169 purpurea
1669 5096 1875 5151 Annae
1912 5093 2244 5151 comnenae
2283 5094 2361 5150 ad
2398 5092 2623 5150 calcem
2660 5092 2847 5166 typici
2880 5090 3239 5148 monasterio
3276 5109 3313 5146 a

435 5202 504 5242 se
540 5190 885 5241 constructo
919 5184 1287 5258 praescripti,
1323 5186 1388 5240 in
1424 5184 1626 5241 codice
1661 5183 2004 5241 Parisiensi.

570 5276 594 5312 2
615 5274 782 5329 Haec
816 5274 1074 5346 legimus
1113 5280 1176 5329 et
1213 5273 1370 5346 apud
1405 5274 1607 5346 Migne
1643 5275 1753 5329 loc.
1793 5274 1890 5328 cit.
1930 5272 2037 5329 col.
2077 5272 2233 5328 1176.

575 5366 600 5403 3
623 5364 695 5419 In
731 5366 894 5421 Actis
931 5366 1290 5421 Sanctorum
1327 5363 1736 5419 Bollandianis
1771 5370 1910 5419 tom.
1949 5364 1980 5417 I
2017 5367 2080 5417 et
2115 5362 2180 5418 ΙΙ
2214 5360 2445 5431 mensis
2474 5358 2649 5416 Iunii.

575 5456 600 5491 ⁴
625 5452 978 5509 Bibliothec.
1019 5452 1227 5509 Graec.
1267 5454 1356 5508 ed.
1393 5452 1627 5508 HarleS.
1667 5458 1707 5507 t.
1746 5452 1896 5507 Vm
1932 5470 1987 5524 p.
2025 5438 2147 5506 627.

575 5546 600 5583 ⁵
621 5544 864 5617 Sylloge
901 5544 1265 5599 Monument.
1306 5544 1382 5597 ad
1419 5543 1584 5615 Deip.
1624 5541 1900 5615 Concept.
1919 5548 2123 5615 spect.
2159 5540 2387 5597 Romae
2426 5540 2582 5597 1850.

577 5636 602 5671 ⁶
627 5626 884 5689 Matthei
920 5634 1087 5689 Bust.
1127 5632 1326 5688 Editio
1363 5632 1860 5704 epigrammatum
1897 5631 2301 5687 iambicorum.
2340 5630 2568 5686 Etonae
2608 5629 2763 5687 1610.

581 5724 604 5759 '⁷
629 5722 900 5780 Historia
933 5722 1228 5779 litteraria
1266 5721 1673 5778 ecclesiastica
1711 5721 1932 5778 saeculi
1970 5722 2076 5777 XI.
