4573 6666
1630 3 1643 5 --
1670 0 1983 20 *w*
2008 1 2253 7 -*—--—--*--
2282 1 2288 3 ⁷
2307 0 2500 8 —*—----
2521 1 2578 5 w—
2597 0 2752 7 —-—---
2785 1 2802 4 -
2855 1 2862 4 ν

1139 921 1144 924 .
1222 877 1311 925 m·
1357 877 1716 926 Amat-:nmo
1764 877 2557 926 cons-rm‘rmopom‘rmo
3245 867 3325 930 17

463 973 623 982 ———-
654 973 844 980 -————--—-
873 973 1049 979 ———-
1072 972 1103 978 —-
1132 973 1291 978 -————-
1340 973 1623 980 -——-—-——--
1658 972 1697 978 —
1734 972 2271 980 --——=-——-—-·—-.——-

625 1216 662 1299 ἓ
707 1217 769 1283 8.
815 1216 918 1284 De
965 1225 1240 1300 tempore
1282 1224 1342 1284 et
1385 1219 1566 1286 modo
1614 1219 1896 1300 docendi,
1946 1219 2142 1302 deque
2187 1219 2379 1284 donis
2422 1219 2879 1304 Nomophylaci
2924 1221 3173 1288 oblatis.

549 1467 631 1539 η’.
679 1467 1074 1539 Τηλικοότου
1100 1464 1123 1502 ¹
1172 1470 1378 1534 τοίνυν
1415 1467 1657 1557 βαθμοῦ
1701 1468 1838 1534 καθ’

464 1590 774 1682 ἡμετέραν
803 1591 911 1681 μὲν
945 1593 1236 1685 ἐκλογὴν,
1270 1591 1582 1685 θειοτέραν
1617 1585 1684 1659 δὲ
1715 1603 1845 1660 νεῦ-

463 1739 556 1780 σιν
604 1709 878 1793 ἀξιωθεὶς
923 1720 1234 1801 ἐπιβῆναι,
1289 1719 1846 1811 μεγαλοφυέστατε

465 1844 996 1920 ΝΟΜΟΦΥΛΑΞ,
1044 1833 1349 1931 μηδαμῶς
1383 1843 1688 1935 ἀγνώμων
1735 1846 1848 1932 ὸφ-

465 1962 646 2038 θῆναι
676 1965 818 2056 περὶ
845 1964 965 2038 τὴν
997 1966 1316 2041 τοσαύτην
1361 1967 1542 2057 χάριν
1576 1967 1846 2057 ἀνάσχῃ,

467 2087 552 2178 μὴ
576 2090 601 2130 ²
625 2081 692 2154 δὲ
711 2089 824 2166 τάς
851 2092 1159 2181 ἡμετέρας
1185 2083 1438 2169 ἐλπίδας
1463 2092 1564 2158 ἐπὶ
1587 2093 1684 2158 σοὶ
1707 2089 1852 2182 ψευ-

467 2213 688 2290 σθῆναι
713 2217 1216 2307 παρασκευάσῃς·
1237 2217 1264 2260 ³
1290 2218 1456 2283 ἀλλά
1488 2229 1694 2284 πᾶσαν
1720 2212 1842 2294 ἤδη

467 2333 744 2414 σπουδὴν
764 2394 780 2419 ,
828 2351 1034 2406 πᾶσαν
1096 2342 1440 2433 προθυμίαν
1507 2345 1850 2437 εἰσένεγκαι

464 2463 606 2554 περὶ
648 2465 724 2528 τὸ
791 2474 1034 2556 σαφῶς,
1082 2467 1180 2530 ὅτι
1227 2465 1541 2554 μάλιστα,
1588 2467 1697 2533 καὶ
1741 2469 1850 2533 σὺν

469 2591 753 2679 ἀκριβείᾳ
782 2594 989 2676 πολλῇ
1025 2589 1144 2664 τὴν
1177 2601 1303 2656 τῶν
1338 2592 1540 2681 νόμων
1577 2585 1850 2659 διάνοιαν

469 2715 880 2780 ἀναπτύσσειν
929 2727 1058 2792 τοῖς
1091 2697 1260 2794 νέοις.
1295 2724 1498 2784 Τοῦτο
1535 2721 1719 2809 μόνον
1754 2721 1853 2812 ἔρ-

469 2864 580 2930 γον
611 2842 973 2930 ποιούμενος
1021 2835 1298 2920 διηνεκὲς
1329 2845 1438 2910 καὶ
1485 2838 1700 2925 ἀΐδιον,
1749 2849 1856 2912 καὶ

471 2965 612 3056 περὶ
635 2976 826 3031 τοῦτο
851 2965 969 3041 τὴν
1004 2969 1156 3041 ὅλην
1193 2972 1634 3036 ἀπαναλίσκων
1669 2966 1854 3052 ζωὴν,

470 3089 710 3182 νύκτωρ
758 3091 868 3181 μὲν
916 3098 1196 3181 μελετῶν
1255 3093 1340 3160 τά
1391 3096 1540 3186 πρὸς
1587 3095 1706 3170 τὴν
1753 3101 1854 3186 ἑρ-

475 3218 733 3306 μηνείαν
781 3221 1198 3297 συντείνοντα,
1232 3221 1582 3310 ἑρμηνεύων
1618 3213 1686 3287 δὲ
1720 3220 1850 3311 μεθ’

472 3346 730 3436 ἡμέραν,
777 3347 882 3411 καὶ
927 3346 1066 3412 καθ’
1115 3348 1389 3423 ἑκάστην
1439 3351 1671 3426 ἀόκνως
1717 3361 1859 3425 τοῖς

476 3482 806 3562 φοιτηταῖς
833 3477 1088 3561 ὁμιλῶν·
1113 3475 1358 3539 ἐκείνων
1385 3464 1680 3548 δηλονότι
1707 3476 1731 3516 ⁶
1752 3476 1860 3539 καὶ

479 3597 680 3686 μόνων
725 3606 852 3662 τῶν
896 3603 1144 3689 ἡμερῶν
1178 3603 1318 3687 ὑμῖν
1358 3591 1860 3690 ὑπεξῃρημένων,

478 3722 614 3788 καθ’
665 3722 734 3800 ἅς
781 3728 948 3789 ἐστιν
995 3724 1172 3802 ἔθος“
1202 3726 1311 3790 καὶ
1342 3737 1470 3802 τοῖς
1503 3750 1863 3819 γραμματι-

476 3858 606 3925 κοῒς
653 3848 892 3939 σχολὴν
942 3848 1134 3942 ἄγειν.

539 3959 554 3972 ’
571 3975 660 4034 Οὐ
691 3972 1154 4062 φυλοκρινῆσεις
1181 3970 1206 4005 ⁸
1233 3964 1300 4037 δὲ
1324 3972 1467 4048 τοὺς
1501 3974 1866 4064 συντρέχον-

479 4118 594 4171 τας
639 4096 740 4161 ἐπὶ
784 4096 902 4167 τὴν
950 4106 1074 4160 τῶν
1122 4098 1324 4185 νόμων
1375 4098 1688 4188 ἀκρόασιν,
1723 4090 1865 4163 οὐδὲ

480 4211 861 4293 πλουτίνδην
913 4225 1140 4302 αὐτοῖς,
1183 4220 1322 4285 ἀλλ’
1357 4214 1735 4312 ἀριστίνδην,
1786 4228 1865 4299 ὡς

483 4335 596 4423 δεῖ,
629 4344 749 4417 τὴν
781 4356 897 4422 τῆς
929 4337 1231 4434 καθέδρας
1263 4339 1438 4423 τάξιν
1490 4350 1738 4420 ἀποκλη
1751 4345 1868 4437 ρώ-

485 4494 628 4548 σεις·
652 4472 761 4536 καὶ
784 4470 1198 4561 ἀνεπιφθόνως
1225 4472 1332 4561 μὲν
1359 4472 1604 4549 πάντας
1630 4479 1713 4549 εἰς
1746 4473 1863 4545 τὴν

487 4588 818 4687 διατριβὴν
842 4588 1183 4687 παραδέξῃ.
1219 4596 1586 4689 Αναργύρως
1619 4589 1690 4662 δὲ
1711 4607 1868 4662 πᾶσι

485 4721 594 4785 καὶ
616 4720 830 4810 ἀμισθὶ
857 4714 1134 4808 διαλέξῃ·
1159 4721 1266 4785 καὶ
1297 4720 1571 4812 καθαράν
1603 4720 1712 4810 μὲν
1745 4719 1864 4795 τὴν

485 4856 687 4935 χεῖρα,
728 4844 1001 4935 καθαράν
1037 4837 1106 4910 δὲ
1134 4847 1386 4936 χρήσεις
1417 4846 1537 4919 τὴν
1573 4849 1862 4937 γλῶσσαν

2044 1473 2105 1537 8.
2156 1473 2441 1538 Tantum
2474 1473 2681 1559 igitur
2718 1476 3144 1540 conscendere
3192 1495 3341 1560 gra-

1954 1597 2106 1662 dum
2153 1598 2470 1664 electione
2517 1603 2739 1664 nostra
2770 1603 2837 1663 et
2867 1598 2992 1664 Dei
3038 1603 3202 1664 nutu
3246 1598 3343 1663 di-

1955 1744 2124 1808 gnus
2155 1745 2301 1788 cum
2334 1723 2555 1800 fueriS‚
2591 1746 2629 1788 o
2661 1723 3156 1808 generosissime
3187 1721 3340 1788 NO-

1955 1847 2471 1927 MOPHYLAX,
2495 1848 2753 1913 cavebis
2777 1848 3072 1932 profecto
3097 1869 3179 1914 ne
3204 1870 3341 1912 ma-

1959 1992 2090 2057 gno
2138 1970 2293 2036 huic
2340 1971 2655 2038 beneficio
2702 1973 3001 2058 ingratus
3040 1973 3338 2052 videaris,

1961 2095 2066 2160 vel
2091 2117 2273 2181 spem
2300 2102 2589 2162 nostram
2616 2097 2946 2162 frustreris
2969 2122 2984 2176 3
3013 2098 3125 2163 sed
3150 2121 3339 2164 omne

1960 2220 2245 2285 studium
2298 2243 2685 2306 omnemque
2732 2222 3184 2288 strenuitatem
3233 2245 3344 2290 ex-

1960 2367 2240 2430 promes‚
2289 2352 2364 2412 ut
2410 2346 2633 2433 legum
2688 2370 2945 2413 sensum
3007 2349 3345 2433 perspicue

1961 2471 2225 2536 omnino
2274 2477 2341 2538 et
2387 2495 2699 2558 perquam
2767 2480 3063 2539 accurate
3127 2475 3345 2540 adole-

1963 2598 2289 2662 scentibus
2321 2597 2637 2676 enuclees;
2662 2599 2732 2663 in
2756 2600 2880 2664 hoc
2908 2605 3118 2665 totam
3142 2601 3346 2666 vitam

1963 2721 2313 2802 insumen8‚
2361 2723 2487 2788 hoc
2532 2724 2873 2788 dumtaxat
2929 2725 3234 2790 continue
3283 2731 3349 2790 et

1965 2869 2222 2932 semper
2254 2870 2476 2934 agens,
2518 2853 2583 2914 et
2608 2845 2635 2880 ⁴
2685 2849 2795 2913 diu
2842 2855 3167 2934 noctuque
3214 2874 3351 2917 me·

1965 2974 2180 3038 ditans
2234 2995 2400 3058 quae
2462 2975 2543 3038 ad
2603 2975 3129 3059 explanationem
3194 2977 3348 3042 atti-

1965 3103 2145 3177 nent,
2173 3103 2240 3163 et
2267 3120 2386 3183 per
2417 3099 2586 3163 diem
2620 3105 2687 3164 et
2711 3100 3001 3184 quotidie
3026 3101 3347 3185 interpre-

1967 3227 2132 3302 tans,
2164 3223 2577 3308 impigreque
2606 3224 2937 3309 discipulis
2967 3225 3067 3290 tui
3092 3225 3346 3309 copiam

1965 3347 2227 3427 faciem,
2265 3348 2555 3434 exceptis
2598 3349 2678 3414 iis
2717 3352 3168 3416 tantummodo
3217 3351 3350 3415 die-

1965 3474 2105 3552 buS‚
2154 3473 2388 3557 quibus
2418 3475 2617 3540 etiam
2648 3475 2967 3541 litteraria
3010 3475 3351 3561 gymnasia

1968 3598 2188 3663 feriari
2219 3598 2241 3636 ⁷
2285 3599 2519 3666 solent.

2003 4056 2011 4061 Α
2059 3971 2291 4059 Neque
2320 3974 2584 4057 partiali
2609 3974 2849 4038 affectu
2874 3972 3195 4039 discernes
3220 3994 3350 4073 eos,

1973 4096 2084 4181 qui
2109 4097 2189 4162 ad
2225 4097 2448 4182 legum
2472 4097 2760 4162 scholam
2795 4102 3205 4177 concurrunt,
3236 4120 3355 4162 nec

1975 4244 2094 4306 pro
2121 4220 2382 4299 divitiis,
2410 4222 2521 4286 sed
2545 4238 2664 4305 pro
2692 4220 2947 4299 merito,
2968 4221 3068 4286 uti
3090 4243 3209 4305 par
3234 4227 3352 4300 est,

1974 4346 2322 4413 cathedrae
2386 4344 2679 4411 ordinem
2726 4346 3081 4423 attribues;
3130 4350 3196 4411 et
3242 4347 3356 4411 ab·

1973 4493 2131 4556 sque
2176 4470 2423 4536 invidia
2462 4476 2727 4537 cunctos
2774 4470 2856 4535 ad
2882 4468 3356 4543 ‚scholasticum

1975 4596 2355 4662 exercitium
2381 4595 2705 4661 admittes.
2731 4594 2949 4661 Gratis
2978 4600 3199 4660 autem
3245 4597 3360 4660 ab·

1974 4742 2131 4807 sque
2176 4722 2317 4787 *ulla
2363 4722 2659 4786 mercede
2691 4721 2969 4801 docebiS‚
3016 4726 3082 4786 et
3128 4742 3359 4805 puram

1974 4870 2239 4912 manum
2285 4868 2647 4931 puramque
2698 4846 2991 4932 linguam
3045 4868 3119 4910 ac
3180 4867 3361 4911 men-

633 5149 652 5187 ²
689 5147 846 5205 Hinc
881 5150 1296 5221 paragraphus
1334 5148 1402 5204 13
1428 5147 1706 5205 editionis
1732 5147 2160 5221 Gottingensis.
2185 5176 2224 5191 -·
2245 5150 2268 5185 ²
2295 5146 2525 5204 Codicis
2551 5145 2787 5219 pagella
2820 5144 3010 5201 altera
3030 5142 3161 5201 folii
3182 5142 3305 5199 286.
3328 5171 3369 5185 -

491 5239 518 5276 ³
552 5236 690 5294 Ood.
730 5244 1112 5307 παρασκευάσῃς
1150 5238 1378 5310 absque
1412 5238 1538 5293 iota
1572 5237 1636 5293 in
1673 5242 1942 5293 extrema
1985 5236 2232 5310 syllaba.
2271 5268 2309 5279 -
2342 5238 2368 5273 ⁴
2402 5235 2599 5291 Verba
2635 5240 2863 5306 septem
2902 5232 3208 5305 superiora
3243 5248 3369 5288 ver-

496 5325 650 5381 sioni
686 5326 976 5382 addimus.
1014 5327 1206 5383 Paulo
1241 5333 1378 5400 post
1415 5332 1554 5383 ante
1587 5330 1880 5399 noctuque
1915 5326 2038 5381 Mai
2076 5324 2385 5381 addiderat
2421 5328 2475 5380 et
2524 5326 2644 5380 diu.
2683 5320 2941 5378 Inferius
2994 5327 3195 5377 autem
3230 5326 3367 5377 ante

493 5417 750 5485 quotidie
775 5414 1112 5471 addendum
1135 5415 1255 5470 fuit
1269 5432 1386 5486 per
1409 5418 1566 5472 diem
1591 5420 1660 5472 et.
1685 5416 1778 5471 Ex
1801 5415 2070 5488 inspecta
2098 5413 2291 5485 prima
2332 5412 2597 5469 versione
2634 5411 2718 5467 nil
2754 5412 2965 5467 horum
3002 5410 3309 5467 sumimus.
3332 5439 3371 5454 -

494 5506 518 5540 ⁵
553 5503 648 5559 Sic
686 5503 810 5559 cod.
852 5509 914 5559 et
949 5504 1099 5576 Mai;
1139 5504 1246 5560 sed
1282 5510 1428 5561 δῆλον
1467 5509 1544 5559 ὅτι
1581 5504 1670 5561 ed.
1711 5504 1978 5577 Gotting.
2016 5534 2061 5545 -
2097 5504 2120 5541 ⁶
2155 5502 2380 5559 Maiani
2428 5501 2754 5574 apographi
2789 5501 2991 5572 graeci
3026 5505 3231 5556 textus
3266 5498 3367 5555 fol.

495 5594 581 5647 15.
618 5622 660 5635 -
697 5592 722 5629 ⁷
757 5592 1062 5650 Versionis
1100 5594 1324 5651 latinae
1359 5594 1631 5651 Maianae
1676 5592 1776 5650 fol.
1824 5594 1906 5648 14.
1947 5624 1986 5637 -
2020 5594 2043 5631 ⁸
2080 5592 2174 5651 Sic
2222 5592 2423 5649 Codex
2469 5596 2531 5649 et
2579 5590 2760 5647 editio
2798 5590 3227 5661 Gottingensis,
3265 5590 3373 5647 sed

495 5679 712 5736 melius
747 5680 872 5737 Mai
908 5684 1262 5753 φιλοκρινῆσιις

3040 5773 3077 5828 3
