4573 6666
1297 837 1378 903 18
2368 859 2457 906 m:
2504 861 2731 906 ameum
2776 859 3077 906 cuswona

1674 951 2091 957 ——--—-—.-....—.—..-*
2112 951 2155 958 ..-

2681 953 2777 960 -ῄ-

1289 1071 1397 1136 καί
1418 1069 1538 1144 τὴν
1571 1068 1829 1162 γνώμην
1862 1081 1990 1146 τοῖς
2022 1071 2246 1160 νόμοις.
2277 1072 2357 1136 Οἳ
2388 1072 2497 1136 καὶ
2527 1071 2671 1148 τοὺς
2779 1079 2914 1140 tem
2958 1075 3217 1161 legibus
3260 1074 3621 1160 impendes,
3670 1074 3851 1152 Quae
3914 1072 4207 1159 quidem

1287 1197 1402 1275 τὰς
1449 1193 1644 1274 ἄλλας
1677 1197 1870 1288 ἀρχὰς
1904 1188 2008 1263 διὰ
2037 1199 2394 1287 λημμάτων
2441 1223 2676 1290 καταρ-
2778 1198 2944 1264 alios
2989 1221 3249 1284 quoque
3280 1198 3724 1286 magistratus,
3776 1201 3891 1284 qui
3950 1220 4031 1263 se
4086 1198 4207 1261 do-

1293 1325 1691 1414 ρυπαίνοντας
1717 1323 1759 1399 ¹,
1796 1325 1948 1398 οἵαις
1997 1298 2358 1414 αὑστηρίαις
2384 1323 2408 1360 ²
2459 1324 2676 1416 μετέρ-
2780 1326 2883 1390 nis
2930 1325 3323 1411 accipiendis
3378 1325 3751 1410 inquinant,
3798 1346 4021 1410 quam
4060 1344 4205 1386 au-

1287 1473 1530 1539 χονται,
1559 1440 1730 1525 οἶδας
1752 1449 2001 1525 πάντως
2031 1451 2148 1537 πρὸ
2179 1449 2453 1529 πάντων,
2482 1453 2513 1514 ὁ
2546 1459 2673 1514 τῶν
2783 1449 2972 1515 steris
2995 1450 3223 1536 poenis
3258 1454 3757 1535 persequantur,
3790 1454 3867 1514 tu
3900 1446 4203 1513 omnino

1286 1573 1487 1662 νόμων
1535 1567 1871 1665 ἐξηγητής.
1921 1572 2098 1647 Πλὴν
2147 1579 2202 1638 εί
2226 1571 2252 1608 ⁸
2289 1575 2375 1662 μή
2426 1599 2545 1639 που
2576 1600 2671 1651 τις
2783 1597 2940 1659 prae
2966 1576 3217 1640 cunctis
3242 1575 3438 1653 nosti,
3466 1575 3582 1660 qui
3612 1597 3681 1640 es
3714 1575 3943 1661 legum
3972 1574 4205 1638 inter-

1285 1699 1524 1765 τούτων
1552 1693 1618 1778 ἐξ
1645 1691 2006 1788 εὐδαίμονος
2037 1698 2393 1790 ὁρμώμενος
2414 1697 2443 1734 ⁴
2478 1702 2670 1786 οἴκου,
2782 1722 2949 1783 pres.
2976 1699 3121 1766 Nisi
3146 1699 3318 1766 forte
3344 1699 3579 1784 aliquis
3605 1722 3687 1764 ex
3712 1699 4047 1784 opulenta
4076 1695 4199 1761 do-

1285 1830 1546 1918 εὒγενῶς
1566 1827 1676 1890 τὸν
1699 1817 2078 1892 διδάσκαλον
2103 1823 2674 1916 φιλοφρονήσασθαι
2780 1849 2891 1890 mu
2922 1831 3123 1904 ortua,
3156 1824 3465 1890 nobiliter
3493 1823 3882 1910 magistrum
3922 1821 4197 1888 amoris

1285 1952 1594 2037 βούλοιτο·
1647 1951 1798 2016 τότε
1857 1951 1977 2041 γὰρ
2037 1955 2153 2040 οὐχ
2215 1952 2381 2027 ὅπως
2430 1955 2675 2042 ἀπαγο-
2781 1971 2939 2036 ergo
2985 1949 3314 2015 munerari
3359 1948 3557 2015 volet.
3610 1947 3795 2014 Tunc
3842 1948 4029 2013 enim
4066 1947 4193 2010 do·-

1285 2077 1538 2168 ρεΰομεν
1583 2075 1704 2148 τὴν
1735 2071 1924 2164 λῆψιν
1955 2085 2069 2140 τοῦ
2104 2067 2451 2164 διδομένου,
2505 2075 2671 2140 ἀλλὰ
2780 2075 3077 2140 nativum
3102 2097 3235 2139 non
3259 2074 3471 2139 solum
3498 2073 3677 2138 haud
3698 2072 4195 2148 interdicimuS,

1283 2193 1358 2274 δὴ
1389 2201 1496 2266 καί
1523 2209 2072 2290 προσεπαινοῦμεν,
2106 2191 2353 2266 συνωδά
2376 2201 2402 2240 ⁶
2432 2199 2541 2264 καὶ
2566 2204 2673 2264 αὑ·
2777 2201 2891 2266 sed
2936 2199 3135 2264 etiam
3183 2199 3627 2264 collaudamus
3650 2247 3665 2276 ,
3715 2197 3842 2282 piis
3886 2219 4011 2262 nos
4064 2217 4197 2280 pa-

1283 2323 1384 2388 τοί
1427 2335 1556 2400 τοῖς
1589 2323 1866 2408 εὐσεβέσι
1896 2322 2102 2411 νόμοις
2139 2332 2526 2414 φρονοῦντες·
2563 2321 2671 2385 καὶ
2777 2325 2939 2389 riter
2998 2323 3256 2410 legibus
3315 2323 3813 2400 consentient-ea,
3862 2325 3929 2386 et
3970 2319 4193 2384 inhu-

1285 2448 1747 2539 μισανθρωπίαν
1797 2447 1906 2536 μὲν
1953 2449 2263 2538 κρίνοντες
2310 2446 2431 2522 τὴν
2484 2444 2671 2511 καθό·
2778 2472 3039 2515 manam
3086 2449 3534 2514 existimantes
3564 2446 3855 2512 omnium
3900 2465 4189 2531 prorsus

1289 2579 1398 2638 λου
1431 2576 1456 2615 ⁰
1500 2583 1612 2638 τοῦ
1658 2575 1892 2648 παντὸς
1926 2573 2192 2661 ἀποχῆν·
2227 2569 2666 2660 ἀπανθρωπίαν
2775 2574 3077 2639 datorum
3122 2572 3619 2638 abstinentiam:
3670 2570 3837 2636 sicut
3882 2568 4187 2634 vicissim

1283 2687 1350 2764 δὲ
1391 2699 1582 2764 πάλιν
1619 2697 1738 2770 τὴν
1772 2701 1982 2773 ἁπλῶς
2014 2705 2138 2761 τῶν
2171 2695 2424 2760 πάντων
2463 2719 2667 2786 παρα·
2772 2697 3198 2762 inhumanam
3222 2693 3663 2780 quorumlibet
3692 2691 4182 2758 indiscrimina-

1282 2815 1497 2912 δοχήν.
1591 2822 1914 2910 Προνοήσῃ
1942 2823 1964 2860 '¹
1995 2813 2064 2886 δὲ
2097 2819 2377 2910 μάλιστα
2409 2821 2517 2884 καὶ
2548 2831 2665 2896 τῆς
2774 2822 2897 2886 tim
2926 2821 3245 2887 donorum
3266 2816 4028 2904 acceptionem.Maxime
4058 2839 4180 2881 ve-

1277 2957 1404 3011 τῶν
1437 2951 1758 3037 ἀκροατῶν
1794 2947 2143 3036 εὐκοσμίας,
2177 2945 2288 3009 καὶ
2320 2955 2544 3034 σχῆμα
2578 2956 2658 3030 τῇ
2771 2969 2845 3011 ro
2891 2946 3263 3011 auditorum
3293 2909 3650 3010 modestiae
3682 2965 3898 3009 curam
3942 2963 4173 3026 gere83

1277 3076 1478 3161 σχολῇ
1509 3070 1724 3162 περιθή
1734 3096 1857 3148 σεις
1873 3073 1898 3113 ⁸
1921 3093 2258 3161 φροντιστη
2271 3070 2397 3158 ρίου
2423 3079 2664 3157 σεμνοῦ·
2770 3093 2919 3136 nam
2948 3075 3203 3155 oportet
3225 3091 3370 3135 vere
3394 3068 3811 3134 institutionis
3836 3065 4165 3150 cupidum,

1277 3187 1578 3285 ὲπιδήπερ
1627 3187 1727 3262 δεῖ
1765 3195 1876 3260 τὸν
1937 3185 2316 3268 παιδεύσεως
2365 3191 2661 3268 ἀληθινῆς
2756 3197 2977 3281 'magis
3034 3196 3203 3260 vitae
3264 3194 3509 3260 ratione
3574 3215 3708 3258 esse
3760 3191 4167 3266 institutum,

1277 3322 1666 3416 ὀρεγόμενον,
1712 3322 1832 3408 πρὸ
1877 3330 1988 3386 τοῦ
2032 3320 2228 3412 λόγου
2273 3319 2383 3385 τὸν
2433 3325 2660 3409 τρόπον
2768 3343 2962 3405 quam
3007 3318 3261 3386 litteris.

1277 3447 1384 3511 καὶ
1427 3449 1504 3512 τὸ
1551 3442 1696 3523 ἦθος
1742 3448 1908 3537 ἔχειν
1953 3436 2465 3535 πεπαιδευμένον.

1431 3699 1469 3783 5
1517 3702 1578 3765 9.
1629 3698 2016 3781 Perpetuam
2059 3698 2555 3783 Nomophylacis
2596 3716 2853 3777 munus,
2900 3666 3154 3779 quando
3198 3694 3413 3760 amitti
3446 3692 3661 3775 possit
3706 3690 4003 3759 ostendit.

1363 3948 1435 4015 θ’.
1453 3955 1539 4015 Αν
1561 3948 1587 3985 ⁹
1611 3950 1774 4014 οὕτω
1799 3958 2006 4013 ταῦτα
2033 3958 2214 4033 ποιῇς
2234 3944 2307 4024 ²⁰,
2334 3946 2443 4011 καὶ
2465 3955 2666 4011 τοιοῢ-
2860 3950 2924 4015 9.
2963 3946 3029 4013 Si
3064 3946 3218 4011 haec
3248 3946 3473 4030 egeriS,
3505 3942 3832 4027 talemque
3858 3946 3926 4006 te
3955 3939 4159 4023 operi-

1269 4099 1382 4140 τον
1417 4074 1646 4140 σαυτὸν
1693 4074 1794 4139 ἐπὶ
1837 4082 1963 4137 τῶν
1995 4072 2188 4165 ἔργων
2227 4077 2377 4160 ἡμῖν
2414 4060 2664 4135 ἀποδει-
2771 4073 2887 4138 bus
2933 4072 3062 4137 tuis
3105 4071 3539 4137 demonstrare
3584 4066 3767 4133 nobis
3826 4062 4155 4149 sategeriS,

1270 4200 1472 4266 κνύειν
1535 4192 1926 4287 σπουδάζῃς,
1975 4197 2160 4274 αὑτός
2219 4220 2293 4263 τε
2340 4195 2457 4287 πρὸ
2502 4194 2649 4259 πάν·
2765 4198 2885 4263 tibi
2915 4196 3038 4281 ipsi
3068 4196 3296 4281 prime,
3333 4198 3397 4259 et
3426 4198 3574 4277 post
3618 4197 3683 4257 te
3715 4190 3858 4255 aliis
3890 4187 4155 4253 eundem

1271 4350 1417 4404 των,
1439 4325 1548 4391 καὶ
1573 4324 1737 4414 μετὰ
1763 4326 1830 4389 σὲ
1852 4317 2119 4401 καθεξῆς
2146 4328 2204 4386 οἱ
2224 4322 2336 4385 τὸν
2370 4329 2657 4384 τοιοῦτον
2766 4323 3032 4408 gradum
3063 4316 3111 4354 ²¹
3162 4318 3504 4404 adepturis,
3538 4338 3686 4383 cum
3714 4314 3845 4381 alia
3874 4314 4042 4379 bona
4074 4311 4155 4375 ab

1275 4450 1513 4540 βαθμὸν
1567 4456 1648 4526 εἰς
1693 4452 1770 4515 τὸ
1804 4450 2032 4539 μέλλον
2082 4438 2527 4535 διαδεξόμενοι,
2574 4443 2659 4510 τά
2764 4447 3030 4532 imperio
3074 4450 3293 4512 nostro
3338 4465 3457 4529 pro
3503 4442 3667 4507 votis
3704 4438 3935 4505 vestris
3980 4458 4153 4503 acce—

1269 4600 1346 4641 τε
1392 4574 1557 4641 ἄλλα
1615 4573 1868 4665 χρηστὰ
1928 4572 2099 4663 παρὰ
2157 4582 2274 4649 τῆς
2340 4572 2657 4658 βασιλείας
2762 4573 2939 4652 dent,
2970 4575 3110 4637 tum
3141 4570 3304 4635 hanc
3328 4566 3730 4652 magnificam
3764 4562 4153 4641 cathedram,

1269 4705 1307 4774 ἡ
1317 4710 1448 4789 μῶν
1495 4700 1602 4765 καὶ
1647 4698 1814 4763 κατὰ
1847 4698 2074 4764 σκοπὸν
2107 4702 2248 4786 ὑμῖν
2283 4697 2655 4771 ἀπαντήσει,
2760 4701 3103 4781 postquam
3127 4693 3321 4761 semel
3344 4690 3733 4775 acceperitis,
3757 4710 3875 4773 per
3904 4706 4151 4752 omnem

1270 4824 1378 4888 καὶ
1406 4822 1517 4889 τὸν
1551 4828 2003 4915 μεγαλοπρεπῆ
2040 4833 2266 4888 τοῦτον
2300 4822 2539 4912 θρόνον,
2586 4820 2653 4885 ὃν
2762 4822 2963 4887 vitam
2986 4818 3363 4899 retinebitis,
3389 4817 3545 4901 quin
3568 4814 3746 4881 vobis
3771 4812 3932 4896 eripi
3954 4810 4153 4896 possit

1411 5058 1428 5094 ¹
1456 5056 1552 5111 Sic
1577 5054 1777 5112 Codex
1803 5059 1865 5111 ot
1890 5052 2073 5110 editio
2101 5050 2533 5132 Gottingensifl‚
2556 5050 2663 5107 sed
2681 5047 2805 5106 Mai
2827 5048 3335 5120 καταρρυπαὶναντας.
3356 5076 3400 5089 -
3416 5046 3439 5081 ²
3458 5041 3691 5100 Codicis
3708 5038 3949 5114 pagella
3963 5036 4151 5110 prima·

1269 5144 1401 5203 folii
1436 5145 1560 5201 287.
1597 5176 1640 5188 ·-
1674 5146 1698 5183 ³
1732 5144 1888 5200 Hinc
1924 5142 2339 5216 paragraphus
2366 5141 2434 5196 14
2460 5139 2734 5195 editionis
2773 5134 3203 5209 Gottiugonsis.
3228 5166 3268 5179 -
3298 5134 3323 5171 ⁴
3360 5133 3455 5191 Sic
3492 5131 3695 5189 Codex
3718 5134 3781 5185 et
3814 5126 3992 5185 editio
4017 5124 4153 5181 Got-

1267 5234 1586 5306 tingensi8‚
1613 5234 1722 5291 sed
1747 5232 1906 5305 apud
1928 5230 2051 5287 Mai
2079 5232 2360 5303 ὁρμώμενος
2390 5228 2776 5285 desideratur.
2795 5258 2841 5271 --
2858 5230 2881 5267 ⁵
2900 5226 2995 5281 Sic
3018 5224 3217 5282 Codex
3240 5224 3423 5280 habet
3439 5229 3501 5278 et
3521 5219 3703 5278 editio
3723 5214 4147 5288 Gottingensis,

1267 5322 1392 5379 Mai
1418 5329 1613 5393 συνῳδὰ
1640 5323 1862 5379 scribit.
1903 5320 1983 5377 Et
2006 5320 2146 5376 hinc
2173 5318 2586 5393 paragraphus
2612 5317 2680 5371 15
2708 5314 2983 5372 editionis
3010 5311 3442 5384 Gottingensis.
3468 5342 3512 5353 -
3534 5312 3559 5347 θ
3582 5310 3678 5367 Sic
3703 5306 3904 5365 Codex
3928 5309 3991 5362 et
4014 5301 4147 5373 Mai,

1267 5412 1378 5469 sed
1413 5412 1597 5468 editio
1635 5409 2048 5482 Gottingensis
2087 5412 2195 5461 καθ“
2234 5413 2362 5463 ὅλου.
2399 5438 2439 5451 -
2472 5407 2495 5443 ⁷
2520 5406 2595 5461 In
2622 5403 2837 5461 Codice
2875 5411 3143 5460 extrema
3179 5424 3231 5458 m
3264 5407 3408 5456 sunt
3444 5418 3626 5475 super
3650 5414 3924 5453 rasuram
3960 5393 4033 5449 ab
4058 5410 4154 5447 ea-

1267 5504 1404 5555 dem
1437 5518 1633 5555 manu.
1673 5531 1720 5542 -
1753 5501 1777 5536 ⁸
1813 5499 1908 5555 Sic
1927 5497 2127 5555 Codex
2152 5502 2215 5552 et
2253 5496 2434 5552 editio
2463 5492 2896 5565 Gottingensi8‚
2937 5492 3043 5547 sed
3080 5491 3204 5547 Mai
3242 5491 3517 5561 περιθέσεις.
3542 5520 3595 5529 -
3628 5489 3652 5524 ⁹
3688 5484 3844 5539 Hinc
3880 5496 4155 5555 paragra-

1264 5589 1421 5662 phus
1461 5588 1530 5643 16
1567 5586 1840 5644 editionis
1879 5585 2289 5657 Gottingensis
2318 5615 2362 5626 --
2387 5586 2431 5622 ¹⁰
2468 5584 2669 5639 Codex
2706 5586 2847 5643 ποιῆς
2887 5582 3111 5653 absque
3147 5580 3275 5636 iota
3308 5576 3662 5649 subscripta,
3702 5573 3789 5630 sic
3814 5572 3871 5628 ei
3894 5569 4143 5627 inferius

1270 5680 1569 5739 σπουδάζης.
1605 5708 1650 5719 -
1685 5678 1729 5714 ¹1
1767 5676 2028 5731 Verbum
2066 5692 2141 5731 ex
2171 5672 2464 5731 versionis
2501 5672 2693 5746 primo
2731 5670 3053 5744 exemplari
3087 5672 3441 5725 mutuatum.
