4573 6666
1283 790 1368 858 14
2361 819 2455 866 nn
2498 822 2727 868 Laeua
2773 821 3074 870 cusronn

1279 1031 1616 1092 ΦΙΔῙΝΟΝ
1644 1024 1664 1060 ¹
1707 1029 1989 1106 ἐπίκλην,
2015 1027 2078 1106 ὃς
2110 1033 2222 1096 οὐκ
2255 1035 2499 1122 ἀφανῶς
2534 1027 2659 1100 οὐδ’

1280 1153 1533 1241 ἀσήμως
1594 1144 1720 1217 οὐδ’
1779 1146 2063 1246 ἀμυδρῶς
2119 1149 2484 1236 ἐπεδείξατο
2510 1206 2517 1216 -
2540 1159 2659 1234 τὴν

1277 1281 1500 1344 ἑαυτοῦ
1547 1279 1994 1368 πολυμάθειαν,
2045 1281 2210 1346 ἀλλά
2258 1273 2665 1373 δημοσίᾳκαὶ

1279 1413 1550 1495 φανερῶς
1597 1410 1659 1470 ἐν
1704 1410 1920 1483 αὑταῖς
1953 1418 2090 1484 ταῖς
2113 1419 2239 1473 τῶν
2271 1411 2663 1502 πραγμάτιον

1278 1532 1515 1621 πείραις
1545 1525 1912 1621 ἐξέλαμψεν·
1944 1537 2166 1622 ὁμοίως
2191 1536 2302 1624 μὲν
2322 1537 2349 1580 ²
2379 1547 2517 1613 ταῖς
2548 1548 2665 1613 τῆς

1278 1657 1673 1748 λογιότητος,
1705 1659 1927 1747 ὁμοίως
1955 1651 2022 1725 δὲ
2045 1659 2152 1724 καὶ
2175 1672 2313 1738 ταῖς
2346 1673 2463 1739 τῆς
2486 1661 2511 1697 ³
2535 1673 2661 1729 τῶν

1279 1783 1484 1872 νόμων
1527 1775 1819 1860 εἰδήσεως
1865 1785 2113 1874 τέχναις
2168 1788 2657 1878 κεκοσμημένος,

1281 1906 1388 1970 καὶ
1434 1899 1629 1996 μηδὲν
1691 1911 2142 2000 προτιμότερον
2200 1903 2523 2000 μηδέποτε
2572 1911 2668 1978 θέ-

1281 2055 1464 2122 μενος
1511 2043 1636 2098 τῶν
1683 2036 2004 2127 ἡμετέρων
2052 2037 2419 2103 κελεύσεων.

1371 2152 1566 2234 Οὗτος
1593 2155 1618 2192 ⁸
1650 2171 1976 2252 τοιγαροῦν
2009 2153 2132 2234 ἤδη
2167 2171 2430 2252 πρῶτος,
2458 2162 2659 2254 ἀγαθῇ

1281 2281 1388 2346 καὶ
1420 2285 1602 2374 μοίρᾳ
1647 2285 1756 2348 καὶ
1801 2286 2014 2375 κρίσει,
2063 2297 2180 2362 τῆς
2217 2290 2502 2378 ἐκκρίτου
2532 2298 2659 2355 τῶν

1279 2407 1482 2496 νόμων
1529 2407 1636 2471 καὶ
1683 2399 2218 2498 ὃεδοκιμασμένης
2267 2404 2436 2500 ἄρξει
2484 2403 2663 2476 διδα-

1280 2535 1562 2610 σκαλίας,
1603 2525 1900 2626 προεδρίᾳ
1933 2559 2004 2600 τε
2037 2534 2322 2624 τιμηθεὶς
2356 2530 2663 2630 ἀξιολόγῳ

1279 2661 1385 2723 καὶ
1416 2653 1698 2745 ζηλωτῇ,
1733 2659 2008 2750 ἀφορμάς
2055 2684 2128 2726 τε
2172 2661 2385 2746 λαβὼν
2435 2666 2503 2728 οὐ·
2550 2662 2664 2740 τάς

1279 2782 1588 2873 τυχούσας
1623 2788 1705 2860 εἰς
1739 2780 2067 2874 θεραπείαν
2102 2789 2171 2849 ἐκ
2203 2795 2319 2862 τῆς
2352 2785 2665 2878 ἡμετέρας

1280 2911 1653 2999 φιλοτιμίας,
1687 2908 1793 2973 καὶ
1823 2901 2258 2996 διδασκαλείου
2292 2913 2317 2952 ⁰
2347 2911 2555 3001 τυχὼν
2592 2917 2660 2977 οὐ

1281 3047 1728 3127 μικροπρεποῦς
1791 3028 1931 3102 οὐδὲ
1977 3037 2252 3128 φαύλου,
2302 3040 2661 3104 τούναντίον

1280 3159 1388 3249 μὲν
1422 3154 1524 3226 οὖν
1564 3161 2248 3252 μεγαλοπρεπεστάτου
2298 3161 2407 3226 καὶ
2441 3153 2669 3237 διασή-

1279 3310 1396 3376 μου
1429 3285 1536 3352 καὶ
1565 3286 1833 3372 τοιούτῳ
1863 3287 2194 3380 πράγματι
2223 3286 2585 3379 πρέποντος.

2770 1037 3104 1119 ditionem,
3141 1041 3253 1104 sed
3284 1041 3541 1125 publice
3586 1065 3661 1108 ac
3708 1043 4093 1109 manifeste
4133 1043 4207 1106 in

2766 1161 2923 1247 ipsis
2954 1165 3371 1251 negotiorum
3402 1168 3909 1234 tractationibus
3948 1168 4199 1253 splen-

2774 1289 2919 1354 dide
2981 1291 3283 1370 ostendit,
3332 1291 3745 1360 litteraturae
3800 1295 4080 1378 pariter
4134 1299 4205 1359 et

2772 1413 2932 1479 iuris
2978 1415 3186 1480 civilis
3218 1416 3489 1482 scientia
3518 1423 3786 1484 ornatus
3814 1417 3859 1498 ⁴,
3896 1425 3977 1486 et
4018 1419 4205 1483 nihil

2773 1560 3063 1622 unquam
3107 1541 3432 1607 mandatis
3476 1543 3715 1609 nostris
3762 1549 4201 1630 anteponere

2775 1664 3025 1730 solitus.

2863 2155 2989 2220 Hic
3020 2177 3179 2241 ergo
3211 2178 3383 2222 nunc
3415 2157 3664 2242 primus
3694 2158 3872 2224 felici
3898 2163 4093 2224 sorte
4122 2164 4197 2224 et

2778 2282 3035 2348 delectu
3064 2281 3257 2362 iust0,
3301 2281 3525 2369 legum
3572 2283 3810 2349 eximio
3858 2285 4190 2368 probato-

2777 2430 2903 2492 que
2934 2407 3315 2494 magisterio
3362 2407 3758 2493 praeficitur,
3810 2414 3876 2474 et
3920 2409 4189 2494 insigni

2776 2533 3111 2618 nobilique
3143 2533 3269 2598 hoc
3300 2533 3676 2617 praesidatu
3702 2539 4085 2612 exornatur,
4116 2540 4189 2599 et

2777 2658 3150 2725 adiumenta
3186 2659 3473 2724 muneris
3504 2680 3636 2723 non
3682 2658 3921 2743 exigua
3966 2683 4005 2724 a
4052 2682 4185 2724 no-

2778 2787 2913 2848 stra
2958 2783 3356 2849 liberalitate
3404 2783 3825 2868 consequitur
3842 2833 3857 2862 ,
3904 2783 4183 2850 scholae

2774 2908 3121 2993 impositus
3179 2930 3313 2974 non
3372 2907 3609 2973 humili
3662 2913 3779 2974 aut
3828 2908 4177 2986 levidensi,

2772 3037 2886 3100 sed
2920 3040 3147 3100 contra
3171 3034 3391 3120 potius
3412 3034 3673 3113 illustri,
3710 3040 3779 3100 et
3814 3039 4037 3100 tantae
4072 3033 4179 3098 rei

2771 3159 3211 3227 convenienti.
3976 3160 3985 3170 '

1297 3665 1335 3749 5
1393 3667 1454 3731 6.
1500 3664 1612 3731 Ad
1657 3663 1726 3731 S.
1775 3665 2044 3749 Georyii
2089 3663 2295 3749 leyum
2340 3663 2571 3732 scholis
2614 3664 2817 3732 locum
2847 3665 3194 3747 proprium
3240 3671 3299 3731 et
3344 3664 3774 3731 bibliothecam
3818 3665 4139 3731 attribuit.

1365 3915 1445 3989 ς’.
1493 3919 1691 3978 Εσται
1722 3915 1744 3954 ¹¹
1788 3913 1909 4006 γάρ
1976 3914 2098 3979 ἀπὸ
2158 3925 2276 3992 τῆς
2330 3916 2665 4006 παρούσης,

1279 4037 1444 4127 μετά
1487 4049 1605 4114 τῆς
1651 4031 1715 4117 ἐξ
1762 4024 2016 4128 οὐρανοῦ
2067 4037 2357 4123 βοηθείας
2399 4039 2507 4103 καὶ
2554 4064 2664 4103 συ-

1275 4166 1581 4257 νεργίας,3
1627 4164 1942 4253 ἀνειμένόν
1995 4164 2104 4255 μὲν
2145 4176 2276 4241 τοῖς
2323 4166 2529 4254 νόμοις
2579 4171 2662 4241 εἰς

1275 4279 1718 4377 παιδευτήριον
1765 4288 1840 4354 τὸ
1889 4288 2232 4354 κάλλιστον
2283 4280 2507 4379 σχεδὸν
2556 4289 2664 4354 καὶ

1273 4410 1698 4500 τερπνότατον
1747 4413 1984 4500 οἴκημα
2023 4422 2133 4477 τοῦ
2177 4417 2435 4503 εὐαγοῦς
2481 4418 2659 4501 ἡμῶν

1278 4536 1482 4616 οἴκου,
1531 4535 1596 4601 ὃν
1644 4538 1747 4603 ἐπὶ
1799 4539 2148 4628 κρείττοσιν
2199 4540 2405 4603 ἐλπίσι
2460 4564 2662 4604 κατα-

1276 4659 1711 4738 σκευάσαντες,
1760 4659 1877 4744 θεῷ
1910 4670 2000 4745 τῷ
2037 4660 2289 4727 πάντων
2337 4668 2485 4751 ἡμῖν
2532 4672 2659 4727 τῶν

1277 4785 1524 4876 ἀγαθῶν
1581 4775 1798 4877 δοτῆρι
1853 4785 2338 4877 καθιερώσαμεν*
2395 4788 2502 4851 καὶ
2547 4790 2657 4853 τὸν

1275 4913 1336 4974 ἐν
1387 4910 1654 5000 μάρτυσι
1700 4909 2102 5001 περιώνυμον,
2137 4913 2245 4976 τὸν
2295 4913 2404 4976 καὶ
2437 4914 2661 4986 κλήσει

1274 5032 1381 5097 καὶ
1410 5034 1737 5127 πράγματι
1760 5038 2208 5127 τροπαιοφόρον
2243 5042 2658 5115 ΓΕΩΡΓῙΟΝ,

2873 3917 2933 3981 6.
2956 3914 3103 3981 Erit
3124 3915 3298 3981 enim
3320 3914 3577 3994 abhinc,
3602 3938 3749 3980 cum
3768 3914 4167 3981 caelestiau-

2772 4042 2932 4108 xilio
2959 4066 3033 4108 ac
3066 4041 3312 4122 favore,
3348 4047 3583 4125 patens
3614 4042 3697 4107 ad
3725 4042 3948 4127 legum
3980 4039 4165 4105 scho-

2770 4168 2901 4233 lam
2934 4167 3451 4253 puleherrimum
3498 4189 3573 4232 ac
3606 4166 4164 4231 deliciosissimum

2770 4292 3156 4370 aedificium,
3183 4292 3353 4357 idest
3379 4296 3623 4369 sancta,
3646 4312 3841 4375 quam
3866 4313 3985 4356 nos
4000 4290 4160 4368 De0,

2773 4441 2811 4483 a
2854 4440 2982 4502 quo
3020 4416 3237 4482 omnia
3266 4417 3441 4482 bona
3472 4414 3861 4501 accepimuS,
3912 4414 4175 4479 dedica-·

2769 4541 3000 4621 vimuS,
3037 4540 3250 4605 Aedes
3282 4545 3508 4606 nostra
3540 4540 3835 4624 palatina
3866 4539 3935 4603 in
3980 4560 4162 4623 spem

2768 4688 2984 4731 rerum
3012 4665 3357 4731 meliorum
3382 4670 3613 4750 parata
3632 4659 3686 4737 ’ς
3717 4664 3821 4728 cui
3844 4663 4161 4729 celebrem

2760 4797 3125 4878 martyrem
3174 4796 3244 4858 et
3288 4815 3359 4857 re
3424 4796 3491 4856 et
3538 4790 3889 4877 agnomine
3934 4788 4165 4854 trium-

2768 4917 3118 5002 phatorem
3143 4914 3634 4995 GEORGIUM,
3662 4920 3999 4999 tamquam
4024 4934 4162 4978 ma-

2770 5063 2975 5127 gnum
3022 5041 3584 5129 patremfamilias
3620 5040 4030 5107 conditorem
4066 5044 4163 5103 at-

1421 5282 1438 5319 ¹
1469 5279 1592 5337 Mai
1628 5282 1877 5353 Ξιφιλίνον
1925 5282 2158 5355 scribit,
2197 5282 2398 5339 Codex
2447 5289 2509 5339 et
2560 5283 2741 5341 editio
2781 5284 3194 5358 Gottingensis
3246 5290 3495 5359 Ξιφιλῒνον
3552 5318 3603 5329 -
3638 5288 3661 5324 ²
3696 5285 3919 5342 Maiani
3964 5280 4165 5357 graeci

1275 5373 1478 5425 textus
1517 5370 1845 5443 apographi
1891 5370 1990 5426 fol.
2033 5374 2116 5427 12.
2143 5404 2194 5413 -
2217 5374 2242 5410 3
2263 5372 2389 5427 Mai
2414 5373 2696 5429 omiserat
2720 5378 2807 5435 τῆς
2834 5372 2895 5428 in
2921 5392 3031 5431 suo
3070 5376 3430 5448 apographa
3468 5406 3506 5418 -
3539 5377 3565 5412 ⁴
3599 5373 3908 5431 Vei-sionis
3942 5372 4161 5428 latinae

1274 5456 1396 5512 Mai
1433 5458 1534 5513 fol.
1577 5461 1659 5515 12.
1685 5490 1730 5502 -·
1765 5462 1788 5497 ⁵
1821 5459 1977 5516 Hinc
2015 5462 2429 5534 paragraphus
2466 5464 2501 5517 9
2540 5462 2817 5518 editionis
2856 5462 3285 5536 Gottingensis.
3310 5496 3355 5507 --
3382 5466 3407 5501 ⁶
3444 5464 3675 5521 Codicis
3709 5464 3950 5536 pagella
3974 5461 4164 5534 prima

1273 5546 1403 5601 folii
1441 5548 1561 5603 285.
1586 5580 1625 5590 -
1655 5548 1678 5584 ⁷
1702 5548 1858 5603 Hinc
1895 5551 2306 5622 paragraphus
2348 5552 2417 5605 10
2452 5552 2729 5608 editionis
2768 5552 3197 5626 GottingensiS.
3222 5584 3261 5596 —
3296 5554 3319 5591 ⁸
3357 5553 3453 5610 Sic
3480 5552 3681 5623 Codex
3717 5558 3780 5608 et
3816 5552 4000 5608 editio
4026 5551 4166 5606 Got-

1274 5634 1440 5707 ting.,
1479 5637 1587 5693 sed
1621 5636 1746 5693 Mai
1783 5644 2057 5711 συνεργείας
2097 5638 2320 5695 scribit.
2357 5670 2403 5681 -
2436 5642 2460 5676 ⁹
2496 5640 2696 5697 Verba
2732 5646 2962 5713 septem
3000 5642 3309 5715 superiora
3344 5641 3605 5699 versioni
3640 5642 3933 5699 addimus.
