4573 6666
1250 824 1339 896 24

1250 1072 1376 1128 τῶν
1401 1063 1604 1151 νόμων
1631 1071 1854 1150 φωνῆς,
1883 1059 1960 1132 ἢν
1992 1065 2032 1130 ἡ
2067 1060 2429 1152 γαληνότης
2452 1067 2633 1150 ἡμῶν

1253 1184 1626 1269 ἐξάκουστον
1649 1197 1779 1262 τοῖς
1801 1195 1988 1250 πᾶσιν
2015 1191 2317 1274 ἠχοῦσαν,
2342 1189 2403 1252 ἐν
2431 1185 2597 1274 μέσω
2612 1183 2631 1220 ¹

1252 1311 1580 1405 προέθηκε,
1627 1309 1740 1388 τὰς
1772 1308 2154 1400 παραθύρους
2188 1309 2300 1398 μὲν
2341 1310 2637 1374 ἀποκλεί-

1255 1463 1436 1516 σασα,
1471 1439 1616 1526 μίαν
1641 1427 1709 1502 δὲ
1733 1441 2037 1500 πλατεῖαν
2065 1429 2359 1512 ἀνοίξασα
2390 1433 2496 1498 καὶ
2521 1436 2639 1517 βα-

1257 1563 1500 1637 σιλικὴν
1525 1568 1666 1653 ὑμῖν
1689 1562 1914 1638 πύλην,
1943 1555 2018 1628 δι’
2046 1558 2118 1639 ἧς
2151 1552 2638 1650 ἀνεμποδίστως,

1257 1696 1338 1766 ὡς
1388 1687 1719 1775 βούλεσθε,
1769 1686 2188 1754 εἰσελεύσεσθέ
2243 1711 2319 1752 τε
2365 1686 2473 1751 καὶ
2518 1679 2645 1763 ἑξε-

1257 1813 1574 1880 λεύσεσθε.

2328 848 2419 894 DE
2466 849 2695 896 LBGUU
2738 849 3039 898 eunoun

2740 1064 3099 1130 sensibilem
3126 1066 3371 1131 cunctis
3396 1071 3463 1132 et
3488 1073 3887 1133 resonantem
3912 1068 3985 1132 in
4016 1088 4157 1131 me·

2742 1190 2846 1255 dio
2914 1195 3196 1255 vestrum
3266 1191 3598 1256 conatituit
3625 1218 3641 1272 3
3708 1193 4158 1276 fenestrisque

2742 1313 3008 1380 occlusis
3037 1317 3287 1382 unicam
3310 1318 3613 1402 patefecit
3636 1320 4015 1404 regiamque
4050 1320 4157 1385 ia-

2744 1461 2957 1520 nuam,
2976 1462 3090 1524 per
3112 1442 3545 1526 quamabsque
3570 1443 3916 1525 obstacu10‚
3938 1447 4157 1529 prout

2744 1563 3093 1646 volueritis,
3118 1565 3561 1650 ingrediemini
3594 1567 3835 1653 pariter
3858 1573 3921 1634 et
3946 1589 4158 1654 egre-

2748 1689 3023 1754 diemini.

1389 2064 1428 2148 5
1481 2066 1584 2132 13.
1633 2065 1982 2132 Iuvenibus
2023 2066 2100 2130 in
2141 2085 2374 2130 novum
2418 2063 2812 2132 Athenaeum
2856 2085 3134 2132 amorem
3178 2071 3239 2132 et
3282 2067 3569 2132 studium
3610 2067 4021 2134 commendat.

1357 2311 1478 2406 ιγ’.’
1506 2312 1628 2376 Καὶ
1673 2311 1868 2401 νομὴν
1915 2310 2023 2378 ἐν’
2081 2311 2286 2402 νόμοις
2349 2311 2643 2403 εὑρήσετε

1264 2440 1384 2514 τὴν
1431 2445 1572 2528 ὑμῖν
1621 2433 2052 2529 ζητουμένην,
2111 2438 2280 2527 παρὰ
2344 2449 2424 2523 τῇ
2475 2461 2647 2502 παν-

1269 2567 1480 2650 σέπτῳ
1524 2565 1728 2652 ταύτῃ
1779 2565 1886 2630 καὶ
1933 2563 2068 2648 Θείᾳ
2111 2574 2224 2629 τοῦ
2279 2563 2621 2654 τροπαιοφό

1271 2717 1374 2785 ρου
1421 2702 1602 2781 μονῇ·
1634 2687 1673 2777 ᾗ
1707 2713 1830 2754 τινι
1859 2675 1968 2754 καὶ
1997 2689 2260 2778 χάριτας
2294 2687 2531 2754 εἴσεσθε
2566 2679 2655 2752 δι-

1277 2819 1464 2894 καίως
1509 2813 1768 2892 πολλάς·
1799 2814 1906 2880 καὶ
1935 2820 2014 2890 ὡς
2057 2813 2250 2904 μητρὶ
2294 2813 2401 2878 καὶ
2445 2821 2653 2902 τροφῷ

1269 2954 1386 3018 τῆς
1405 2941 1706 3031 ὑμετέρας
1723 2931 2100 3015 παιδεύσεως
2126 2929 2491 3004 ἀποδώσετε
2514 2936 2654 3028 πρέ·-

1273 3090 1512 3134 πουσαν
1563 3055 1718 3130 αἰδῶ
1763 3063 1870 3130 καὶ
1913 3065 2123 3152 τιμήν.

1361 3314 1484 3381 Καὶ
1514 3313 1658 3393 τοὺς
1693 3313 1958 3408 ἀγαθοὺς
1990 3313 2098 3380 καὶ
2131 3312 2525 3407 εὐγνώμονας
2550 3338 2655 3403 μι-

1271 3440 1546 3533 μησεσθε
1579 3442 1904 3534 γεωργούς·
1934 3442 1992 3506 οἳ
2017 3440 2140 3507 τὴν
2165 3441 2506 3531 τρέφουσαν
2532 3450 2653 3532 γῆν

1272 3569 1638 3658 φιλοκαλίας
1679 3557 1745 3631 δι’
1782 3568 1928 3632 ὅλου
1960 3552 2370 3641 παντοδαπῆς
2404 3539 2654 3644 ἀξιοῦσι·

1271 3694 1382 3759 καὶ
1425 3694 1557 3781 οὐχ’
1607 3684 1776 3770 ἅπαξ
1824 3684 2190 3783 δρεψάμενοι
2235 3690 2379 3766 τοὺς
2412 3689 2654 3765 ταύτης

1277 3817 1566 3909 καρποὺς,
1601 3814 2034 3906 ἀκανθοφορεῒν
2071 3812 2276 3905 μετὰ3
2311 3824 2519 3880 ταῦτα
2550 3812 2659 3879 καὶ

1275 3948 1603 4033 ὑλομανεῒν
1651 3942 2154 4006 καταλείπουσιν·
2190 3939 2329 4004 ἀλλ’
2364 3940 2525 4013 ὅπως
2560 3939 2660 4003 εὔ-

1276 4090 1549 4159 χρηστος
1595 4036 1772 4131 ἔσται
1815 4055 2131 4141 διηνεκῶς,
2167 4062 2274 4127 καὶ
2308 4062 2448 4139 τοὺς
2492 4064 2659 4137 ’ίσους

1279 4190 1548 4284 καρποὺς
1582 4182 1968 4257 ἀποδιδοῦσα
1997 4182 2293 4279 διαμενεῖ,
2330 4193 2540 4263 αὐτοῖς
2587 4210 2661 4252 τε

1277 4320 1527 4394 δκείνοις
1559 4316 1667 4383 καὶ
1697 4327 1826 4393 τοῖς
1853 4315 1986 4405 μετ’
2018 4314 2238 4391 αὐτοὺς
2266 4319 2349 4389 εἰς
2382 4313 2479 4379 ἀεὶ
2510 4336 2663 4403 καρ-

1277 4442 1653 4532 πωσαμένοις
1684 4441 1903 4518 αὐτὴν,
1935 4438 2220 4528 ἐπιμελὲς
2250 4438 2428 4530 ἔργον
2471 4435 2666 4501 τίθεν-

1281 4590 1406 4633 ται.
1455 4566 1577 4629 Τὸν
1623 4566 1754 4629 Ιίσον
1803 4558 1906 4628 οὖν
1953 4562 2182 4651 τρόπον
2229 4561 2338 4627 καὶ
2382 4566 2573 4651 ὑμεῖς,
2616 4552 2663 4623 ὦ

1280 4699 1572 4783 γενναῖοι,
1620 4687 1738 4761 τὴν
1787 4687 2194 4778 φιλόστοργον
2243 4686 2436 4762 ὄντως
2482 4682 2666 4756 τιθη-

1281 4815 1384 4880 νὸν
1431 4818 1600 4902 ὑμῶν
1646 4811 1887 4884 ταύτην
1921 4811 2028 4875 καί
2067 4822 2181 4887 τῆς
2211 4810 2376 4875 πάνυ
2426 4811 2670 4895 βελτίο-

1285 4962 1381 5015 νος
1412 4947 1642 5029 τροφῆς
1673 4937 1948 5029 χορηγὸν
1988 4935 2240 5011 εἰκότως
2275 4932 2347 4999 ἃν
2383 4925 2484 5000 διὰ
2533 4935 2666 5018 βίου

1287 5064 1652 5155 στέργοντες
1685 5058 1944 5127 ἔσοισθε·
1975 5060 2082 5125 καὶ
2113 5058 2282 5124 καλὰ
2317 5059 2427 5148 μὲν
2460 5058 2662 5147 ταύτῃ

1285 5197 1564 5278 τροφεῖα,
1605 5184 1774 5251 καλὰ
1821 5178 1890 5251 δὲ
1920 5176 2333 5262 σπουδάζοιτε
2377 5182 2669 5275 παρέχειν

2848 2315 2951 2381 13.
2982 2317 3191 2399 Atque
3224 2316 3345 2381 hoc
3374 2316 3595 2400 legum
3626 2315 3935 2400 pabulum
3966 2339 4007 2381 a
4030 2337 4153 2380 vo-

2754 2439 2853 2504 bis
2884 2441 3237 2524 expetitum
3272 2441 3653 2506 invenientis
3686 2442 3853 2526 apud
3887 2442 4153 2526 religio-

2766 2565 3081 2630 sissimum
3128 2568 3297 2664 istud
3343 2589 3416 2633 ac
3474 2569 3828 2634 venerabile
3888 2569 4153 2635 Trium-

2761 2691 3047 2775 phatoris
3072 2691 3162 2772 (S.
3194 2691 3577 2775 GEORGII)
3608 2695 4013 2772 coenobium3
4040 2695 4153 2760 cui

2760 2817 2953 2880 etiam
2996 2816 3309 2900 prolixam
3356 2819 3585 2882 merito
3630 2818 3950 2884 habebitis
3994 2839 4153 2903 gra-

2760 2941 2935 3022 tiam,
2962 2946 3026 3006 et
3050 2947 3379 3026 tamquam
3408 2943 3597 3008 matri
3628 2965 3703 3009 ac
3734 2943 3971 3008 nutrici
4002 2966 4157 3008 eru-

2760 3065 3015 3130 ditionis
3046 3071 3296 3132 vestrae
3328 3047 3799 3132 convenientem
3842 3065 4153 3132 honorem

2761 3213 2835 3257 ac
2880 3192 3300 3257 reverentiam
3348 3191 3761 3276 praebebitis,

2850 3316 3189 3401 Bonosque
3211 3321 3276 3381 et
3302 3321 3521 3401 gratos
3546 3316 3953 3382 imitabimini
3976 3315 4150 3401 agri-

2762 3443 2951 3523 colas,
2998 3443 3108 3526 qui
3154 3442 3439 3541 altricem
3505 3446 3741 3506 terram
3788 3440 4151 3507 omnimoda

2763 3588 3011 3651 semper
3056 3565 3495 3631 aestimatione
3540 3570 3606 3631 et
3646 3565 3899 3632 cultura
3930 3587 4148 3649 prose-

2764 3698 3067 3777 quuntur,
3110 3714 3231 3757 nec
3274 3696 3615 3775 postquam
3660 3690 3907 3757 fructus
3952 3712 4029 3755 ex
4074 3710 4151 3755 ea

2766 3818 2959 3885 semel
3014 3816 3471 3901 decerpserint,
3518 3816 3723 3881 dumis
3770 3837 3911 3880 eam
3956 3818 4148 3898 atque

2767 3942 3065 4027 virgultis
3110 3942 3439 4008 silvescere
3484 3942 3690 4018 sinut;
3726 3940 3835 4005 sed
3867 3944 3942 4003 ut
3986 3960 4153 4003 sem-

2766 4090 2881 4151 per
2910 4068 2995 4133 sit
3025 4066 3199 4131 utilis
3246 4087 3552 4150 paresque
3600 4065 3847 4129 fructus
3895 4062 4153 4129 reddere

2766 4195 3017 4277 pergat,
3050 4195 3115 4255 et
3139 4214 3176 4256 a
3206 4212 3271 4255 se
3293 4190 3447 4274 ipsis
3470 4194 3535 4255 et
3566 4189 3646 4254 ab
3670 4188 3813 4253 aliis
3842 4190 4151 4272 perpetuo

2772 4316 3113 4400 carpendos
3140 4316 3511 4399 diligentem
3537 4335 3793 4398 operam
3817 4311 4149 4391 collocant.

2770 4440 2919 4507 Pari
2948 4442 3151 4525 igitur
3174 4440 3360 4505 modo
3393 4462 3503 4505 vos
3529 4460 3801 4522 quoque,
3828 4459 3867 4503 o
3890 4435 4152 4521 egregii,

2771 4570 3048 4631 vestram
3108 4565 3273 4630 hanc
3328 4586 3474 4628 vere
3532 4562 3883 4627 benivolam
3950 4561 4156 4625 nutri-

2772 4714 2928 4771 cem,
2978 4695 3044 4754 et
3097 4710 3257 4772 quae
3302 4688 3505 4753 multo
3551 4687 3879 4753 meliorem
3932 4685 4155 4751 alimo-

2772 4816 2943 4879 niam
2990 4813 3275 4897 praebet,
3310 4812 3446 4877 iure
3478 4812 3833 4895 meritoque
3864 4831 3979 4894 per
4024 4830 4189 4903 om·-

2773 4960 2923 5007 nem
2968 4938 3163 5002 vitam
3198 4936 3511 5015 amabitis,
3544 4938 3611 5001 et
3640 4934 3788 5001 huic
3830 4934 3999 4999 bona
4042 4954 4161 4997 nu-

2776 5061 3061 5129 trimenti
3084 5048 3279 5127 vestri
3306 5060 3609 5143 praemia,
3634 5060 3991 5141 bonamque
4016 5078 4163 5121 eru·-

2777 5186 3033 5252 ditionis
3080 5190 3327 5250 vestrae
3359 5185 3711 5251 mercedem
3756 5183 4016 5249 reddere
4062 5204 4165 5247 sa-

1432 5392 1452 5428 ¹
1495 5392 1591 5449 Sic
1629 5392 1815 5449 codex
1853 5394 1988 5463 μίσω
2027 5411 2134 5465 pro
2173 5394 2329 5464 μέσῳ.
2358 5424 2402 5437 -
2425 5394 2449 5430 ²
2475 5392 2709 5450 Codicis
2730 5391 2970 5464 pagella
2995 5391 3184 5446 altera
3216 5390 3345 5445 folii
3379 5390 3501 5444 290.
3526 5418 3565 5433 ·-
3588 5392 3612 5428 ³
3645 5388 3760 5445 Hic
3797 5384 4165 5446 studemund

1287 5481 1352 5539 in
1389 5484 1478 5539 ed.
1517 5482 1678 5539 Gott.
1717 5481 2137 5538 animadvertit
2170 5486 2236 5538 in
2261 5489 2393 5553 μετὰ
2418 5503 2451 5535 α
2478 5498 2556 5539 ex
2580 5489 2612 5534 ὰ
2628 5499 2745 5551 per
2766 5498 3051 5537 rasuram
3074 5481 3323 5550 factum.
3352 5479 3469 5535 Sed
3499 5477 3652 5533 varii
3676 5478 3735 5533 in
3760 5476 3961 5533 codice
3997 5474 4163 5550 prius

1289 5576 1572 5626 accentus
1608 5568 1848 5627 fixerant
1883 5578 2013 5641 μετὰ
2049 5578 2226 5639 vaura,
2265 5576 2478 5642 postea
2506 5569 2781 5641 utrisque
2818 5566 3007 5625 erasis
3043 5566 3385 5623 accentibus
3420 5566 3647 5623 factum
3684 5570 3779 5622 est
3816 5585 3947 5636 μετα
3990 5568 4165 5630 ταῦτα,

1288 5658 1395 5715 ubi
1430 5660 1586 5715 male
1621 5658 1686 5715 in
1721 5666 1850 5730 μετὰ
1885 5664 2168 5715 accentus
2207 5676 2416 5715 erasus
2453 5658 2585 5714 fuit.
