4573 6666
1227 859 1316 906 m·
1361 859 1724 907 unumne
1772 858 2568 906 oons‘rm'rmopommuo
3292 840 3334 907 3

457 1081 1310 1177 Constantinopolitano
1365 1083 1776 1170 servatam,
1818 1079 2123 1175 quando
2179 1081 2242 1153 is
2298 1083 2629 1154 doctorem
2666 1082 3163 1154 oecumenicum
3199 1101 3333 1154 seu

452 1226 875 1321 praesidem
913 1229 994 1300 et
1031 1225 1428 1300 duodecim
1468 1228 1986 1299 antecessores
2025 1225 2106 1296 in
2163 1223 2537 1297 athenaeo
2560 1223 2909 1297 inclusos
2967 1247 3123 1297 una
3161 1245 3337 1298 cum

454 1370 670 1444 libris
725 1373 805 1444 et
863 1369 1176 1444 aedibus
1232 1373 1465 1443 noctu
1521 1367 1681 1463 igni
1735 1367 2083 1441 tradidit.
2142 1366 2391 1440 Tanto
2444 1366 2708 1440 sceleri
2769 1366 2908 1438 alii
2961 1366 3337 1462 principes

458 1533 846 1587 occurrere
885 1515 1374 1608 sategerunt:
1414 1511 1533 1584 his
1574 1511 1985 1606 disciplinis
2021 1510 2492 1584 incrementa
2530 1510 2915 1603 praebere,
2959 1511 3040 1583 et
3078 1509 3337 1610 studia

459 1677 900 1750 propagare,
959 1654 1492 1750 studiososque
1547 1676 1996 1750 promovere
2050 1655 2280 1742 virOS,
2342 1656 2579 1748 atque
2636 1653 3063 1728 iuventutis
3118 1653 3337 1726 insti-

458 1800 760 1872 tutores
831 1801 1322 1890 curaverunt,
1381 1797 1702 1892 publicis
1776 1798 2192 1870 honoribus
2247 1799 2485 1891 atque
2561 1794 3025 1870 adiumentis
3102 1796 3336 1870 etiam

461 1940 846 2016 adhibitis.
901 1940 1116 2014 Inter
1169 1941 1308 2014 hos
1363 1941 1626 2036 itaque
1681 1940 2045 2035 legalium
2101 1940 2537 2014 scholarum
2593 1937 3071 2013 Maecenates
3110 1937 3339 2012 modo

466 2088 787 2181 apparet
828 2084 1200 2179 singulari
1237 2083 1482 2180 gloria
1518 2083 1818 2179 fulgens
1855 2083 2282 2178 Imperator
2312 2051 2566 2156 Const.
2598 2081 3164 2173 Monomachus,
3208 2081 3342 2177 qui

468 2229 715 2308 medio
773 2228 1074 2303 saeculo
1105 2227 1420 2302 ,decimo
1477 2227 1748 2323 prim0,
1809 2227 2116 2322 quando
2167 2227 2607 2301 huiusmodi
2671 2227 2931 2301 studia
2988 2228 3111 2303 vel
3166 2249 3333 2323 pro·

465 2375 714 2447 strata
767 2372 1000 2447 fuisse
1056 2372 1659 2461 arbitrabantur,
1718 2373 1842 2446 vel
1900 2371 2270 2462 obsoleta,
2330 2372 2708 2466 insignem
2757 2372 2985 2466 erigit
3029 2370 3340 2444 institu-

463 2517 754 2591 tionem
792 2515 1459 2611 foecumdamque:
1500 2515 2042 2589 bibliothecam
2070 2514 2400 2610 legalem
2440 2515 2824 2609 congerit:
2866 2515 3180 2588 iuvenes
3222 2537 3343 2588 ar-

466 2661 696 2735 cessit
742 2659 1144 2748 studiosos‚
1187 2659 1592 2754 magistros
1632 2657 1916 2732 eisdem
1950 2657 2084 2731 dat
2117 2658 2765 2751 prestantissimos
2802 2657 3059 2732 curiae
3097 2659 3343 2731 viros:

471 2803 761 2898 hosque
799 2802 1215 2878 honoribus
1271 2805 1352 2876 et
1403 2801 1964 2896 provisionibus
2020 2805 2385 2875 exornat:
2443 2801 2746 2876 nonnisi
2793 2801 2891 2875 ad
2930 2825 3085 2876 rem
3145 2800 3347 2897 apud

475 2967 612 3020 eos
667 2945 1011 3020 excultos
1067 2944 1415 3018 admittit
1467 2943 1548 3016 in
1605 2945 1848 3018 causis
1906 2945 2330 3039 agitandis:
2372 2947 2455 3018 et
2491 2945 2744 3019 sedem
2780 2945 3136 3018 stabilem
3174 2967 3346 3019 cum
3434 2941 3441 2947 ’

466 3088 756 3182 templo
814 3086 886 3161 S.
946 3087 1253 3182 Georgii
1307 3109 1348 3160 e
1403 3086 1922 3162 fundamentis
1977 3088 2291 3162 excitat.
2348 3087 2549 3182 Opus
2605 3087 2914 3183 quidem
2950 3087 3351 3163 videretur

469 3205 922 3326 temporum·
959 3231 1387 3321 meliorum,
1445 3252 1708 3326 regum
1748 3231 2299 3328 hominumque
2356 3231 2767 3306 celebrium
2802 3231 3091 3305 famam
3129 3252 3346 3306 exae-

471 3398 714 3470 quans
769 3379 850 3451 et
903 3377 1206 3450 merita.

633 3519 778 3607 Qui
830 3542 1012 3595 vero
1067 3520 1356 3615 primus
1413 3518 1510 3593 ad
1565 3519 2116 3615 amplissimum
2191 3542 2471 3594 munus
2537 3518 2765 3593 huius
2833 3519 3351 3594 institutionis

471 3662 955 3757 praeeundae
1026 3663 1465 3753 assumitur,
1533 3662 1854 3737 Ioannes
1928 3664 2048 3737 est
2122 3663 2581 3758 xiphilinus.
2652 3663 2727 3737 Is
2802 3666 3007 3738 certe
3061 3664 3353 3739 celeber

473 3808 731 3880 aetate
785 3826 927 3879 sua
971 3772 1100 3881 'vir
1152 3805 1592 3880 notissimus
1649 3808 1820 3880 erat
1871 3808 2043 3879 tum
2098 3805 2471 3897 doctrina,
2547 3809 2719 3879 tum
2792 3806 3114 3902 scriptia
3175 3808 3351 3879 tum

473 3950 788 4045 pietate,
850 3952 1023 4022 tum
1078 3948 1316 4022 etiam
1373 3948 1750 4044 dignitate
1807 3947 2375 4044 patriarchatus
2432 3948 3270 4045 Constantinopolitani
3305 3948 3351 4037 ¹,

419 4176 442 4187 ἱ
473 4092 787 4166 minime
843 4114 1024 4166 vero
1083 4093 1201 4166 uti
1256 4092 1516 4186 legum
1573 4091 1941 4187 magister
1996 4095 2250 4166 notus.
2312 4091 2539 4165 Modo
2598 4092 2848 4166 edocti
2888 4116 3151 4166 sumus
3191 4094 3355 4166 eius

477 4236 556 4307 in
609 4234 906 4331 legibus
961 4236 1315 4328 peritiam
1373 4239 1453 4310 et
1511 4235 1930 4324 scientiam,
1994 4232 2283 4310 novum
2357 4238 2519 4310 eius
2591 4236 2910 4309 titulum
2986 4238 3353 4329 nomophy-

475 4378 684 4467 laci&
741 4400 835 4451 ex
890 4399 1041 4471 quo
1098 4377 1388 4451 factum
1446 4382 1587 4468 est,
1648 4380 1740 4451 ut
1795 4379 1923 4452 ille
1981 4380 2112 4473 qui
2169 4379 2374 4453 inter
2430 4380 2759 4474 optimos
2816 4380 3077 4475 legum
3124 4380 3357 4454 inter-

477 4523 730 4615 pretes
785 4520 1359 4615 nonnumquam
1394 4521 1744 4612 recurrit,
1785 4522 2080 4594 Ioannes
2117 4522 2594 4614 Nomophylax
2630 4525 3142 4619 nuncupatus,
3186 4524 3359 4619 qui-

477 4684 622 4757 que
666 4662 833 4757 quis
873 4665 954 4737 et
1006 4663 1311 4757 quando
1349 4664 1584 4739 fuerit
1624 4664 2146 4759 ignorabatur,
2187 4686 2322 4759 per
2360 4666 2548 4739 haec
2576 4664 2882 4763 ‘scripta
2937 4689 3091 4740 non
3128 4667 3358 4741 modo

476 4804 567 4879 fit
605 4806 1082 4898 manifestuS,
1123 4830 1395 4882 verum
1432 4808 1669 4881 etiam
1710 4806 1962 4880 elucet
2015 4808 2311 4902 quanta
2346 4809 2635 4903 polleat
2690 4808 2941 4901 laude,
2983 4814 3358 4906 quantae-

474 4971 622 5044 que
674 4948 1071 5025 habendus
1127 4949 1231 5024 sit
1287 4950 1805 5056 auctoritatis·

645 5091 870 5167 Certe
928 5093 1234 5189 quidem
1290 5094 1610 5169 interest
1665 5096 1756 5167 ut
1808 5094 2014 5168 tanti
2090 5093 2260 5184 viri,
2334 5116 2565 5189 quem
2619 5094 2910 5169 Novella
2983 5096 3167 5172 haec
3236 5099 3362 5172 tot

624 5408 643 5443 ¹
669 5404 742 5461 In
779 5405 1136 5477 quibusdam
1173 5405 1533 5464 adversariis
1557 5407 1684 5465 suis
1707 5407 1830 5464 Mai
1870 5408 2320 5465 animadvertit:
2364 5406 2674 5483 quparet
2710 5409 2871 5467 hunc
2894 5394 3223 5466 iohannem
3259 5408 3368 5465 Xi-

483 5491 780 5567 philinum
813 5494 1006 5551 fuisse
1044 5501 1222 5552 antea
1257 5497 1420 5568 (ante
1455 5496 1948 5572 patriarchatum)
1985 5497 2329 5571 episcopum
2366 5498 2921 5573 chalcedonensem,
2958 5499 3075 5555 nisi
3111 5498 3365 5572 patriam

486 5583 680 5639 mavis
717 5584 1069 5655 intelligere.
1108 5586 1326 5641 Dictus
1363 5592 1458 5643 est
1494 5592 1696 5643 autem
1732 5587 2244 5659 ChalcedonensiS,
2282 5593 2355 5644 ut
2390 5588 2799 5661 distinguatur
2836 5590 2911 5645 ab
2950 5589 3083 5645 aliis
3118 5588 3387 5661 patr-ian,

489 5672 618 5728 chis
667 5673 1003 5730 CPolitanis
1039 5673 1424 5732 IohannibuS.
1443 5695 1478 5727 »

4004 29 4009 33 ,
4035 11 4056 23 ,Ι
4075 14 4106 28 ἡ
