4573 6666
931 975 1151 984 v--.--------—.-—-

543 1094 671 1172 σθε,
721 1094 828 1160 καὶ
871 1106 1010 1172 ταῖς
1055 1097 1423 1174 καλλίσταις
1478 1107 1602 1163 τῶν
1651 1091 1930 1188 πράξεων

539 1221 658 1294 τὴν
705 1212 980 1313 πατρίδα
1037 1234 1519 1312 κατακοσμεῒτε.
1576 1223 1931 1313 Επεύχεται

545 1337 612 1413 δὲ
641 1357 828 1412 πᾶσιν
863 1353 1026 1436 ὑμῖν,
1067 1339 1462 1424 διδασκάλοις
1494 1349 1626 1436 ἅμα
1657 1347 1766 1412 καὶ
1816 1373 1934 1438 μα-

545 1471 783 1550 θηταῖς,
831 1483 956 1538 πᾶν
1005 1475 1125 1550 ὄ,τι
1173 1473 1506 1563 κράτιστον
1569 1474 1645 1539 τὸ
1706 1473 1930 1564 κράτος

545 1605 746 1685 ἡμῶν,
780 1609 1101 1689 πατρικοῖς
1133 1599 1487 1687 κινούμενον
1531 1597 1934 1691 σπλάγχνοις,

543 1723 653 1788 καὶ
696 1722 815 1798 τὴν
863 1723 1169 1814 ὑμετέραν
1204 1715 1393 1812 διψῶν
1433 1729 1496 1790 ἐν
1543 1735 1672 1802 τοῖς
1719 1728 1931 1801 καλοῖς

545 1839 958 1941 εὐδοκίμησιν.

1318 884 1408 927 nr
1458 883 1824 930 Arnanmo
1873 885 2671 932 coxs'rAx'rmopom'rAuo
3350 867 3435 932 27

3030 979 3322 986 --b-o———-
3331 979 3432 986 —.-

2039 1102 2234 1187 agite,
2283 1105 2349 1168 et
2380 1102 2827 1186 pulcherrimis
2857 1102 3105 1170 actibus
3152 1104 3434 1188 patriam

2037 1232 2360 1292 exornate.
2396 1227 2597 1292 Vobis
2638 1232 2852 1293 autem
2884 1229 3193 1310 omnibuS,
3229 1230 3435 1315 magi-

2035 1353 2185 1418 stris
2201 1376 2339 1438 una
2362 1359 2555 1437 atque
2582 1354 2925 1438 discipulis,
2953 1353 3195 1438 optima
3222 1354 3435 1420 omnia

2035 1477 2337 1545 Potestas,
2354 1481 2573 1543 nostra
2605 1482 2924 1563 precatur,
2949 1479 3232 1562 paternis
3260 1500 3433 1544 com-

2035 1607 2210 1668 mota
2255 1603 2619 1683 visceribuS,
2652 1604 2854 1669 bonae
2896 1609 3141 1668 vestrae
3188 1603 3433 1670 formae

2035 1729 2626 1796 desiderantissima.
3260 1704 3265 1708 .

797 2158 836 2244 g
887 2159 989 2224 15.
1039 2157 1362 2240 Prospera
1406 2165 1466 2224 et
1505 2159 1727 2258 felicia
1773 2160 2085 2226 studiosis
2133 2161 2337 2243 leyum
2386 2161 2721 2226 iuvenibus
2766 2169 3169 2241 apprecatur.

639 2405 726 2472 ιε’.
765 2405 962 2491 Λάβοι
985 2406 1005 2441 ¹
1039 2416 1370 2498 τοιγαροῦν
1405 2405 1591 2498 πέρας
1625 2407 1821 2471 αἴσιον
1854 2406 1938 2471 τὰ

550 2544 666 2610 τῆς
691 2532 1001 2623 ἡμετέρας
1029 2537 1238 2621 εὐχῆς,
1259 2527 1308 2597 ὦ
1332 2531 1640 2624 φιλάγαθε
1663 2532 1936 2622 πρόνοια,

549 2659 658 2722 καί
692 2682 796 2747 μοι
831 2661 1124 2747 φίλτατοι
1154 2649 1391 2734 παῖδες,
1433 2657 1608 2748 ἄχρις
1641 2656 1713 2722 ἂν
1762 2661 1940 2748 οὖρα-

549 2782 647 2859 νός
680 2807 754 2848 τε
790 2773 1066 2872 διαμένοι
1100 2783 1206 2847 καὶ
1235 2794 1342 2876 γῆ,
1375 2782 1484 2846 καὶ
1515 2787 1546 2847 ὁ
1581 2781 1938 2871 θαυμαστὸς

547 2913 716 2998 ὑμῶν
751 2903 927 2986 οὗτος
968 2921 1338 3000 συντηροῒτο
1383 2910 1584 3000 χορὸς,
1632 2907 1940 2982 πληθυνό-

552 3059 730 3124 μενος
752 3033 778 3069 ²
811 3035 908 3101 ἀεὶ
939 3036 1047 3100 καὶ
1095 3036 1612 3128 μεγαλυνόμενος·
1653 3033 1763 3099 καὶ
1809 3058 1938 3122 μη-

551 3152 672 3237 δεὶς
719 3165 888 3248 ὑμῶν
939 3160 1190 3238 ἀτελὴς,
1225 3152 1447 3251 μηδεὶς
1478 3159 1792 3250 ἄχρηστος
1841 3163 1941 3224 ὲκ-

553 3287 722 3370 βαίη,
744 3277 1092 3375 μηδ’ἀκλεή
1103 3312 1146 3363 ς.
1175 3283 1358 3351 Αλλά
1382 3283 1660 3379 γένοισθε
1685 3283 1935 3361 πάντες,

551 3412 768 3476 ὁπόσοι
798 3412 874 3476 τὸ
907 3413 1100 3477 καλὸν
1147 3421 1334 3476 τοῦτο
1385 3402 1636 3475 στάδιον
1685 3408 1928 3500 τρέχειν

553 3535 1011 3627 φιλοτιμεῖσθε,
1060 3531 1338 3617 ζηλωτοὶ
1384 3536 1490 3600 καὶ
1535 3536 1940 3624 περίβλεπτοι

552 3673 921 3753 στεφανῒται
966 3661 1075 3726 καὶ
1106 3662 1376 3733 νικηταί·
1402 3670 1649 3751 γονεῦσι
1698 3658 1806 3748 μὲν
1841 3650 1942 3723 δό-

553 3780 650 3865 ξα,
701 3782 1026 3879 συγγενέσι
1059 3778 1128 3851 δὲ
1158 3786 1482 3875 καύχημα,
1515 3796 1598 3870 τῇ
1654 3784 1942 3869 βασιλείᾳ

551 3912 802 4002 κόσμος,
835 3921 926 3995 τῷ
959 3921 1141 3994 κοινῷ
1189 3912 1485 4002 σωτηρία,
1515 3910 1622 3973 καὶ
1670 3910 1934 3999 μεγίστη

552 4062 646 4112 τις
673 4039 921 4103 εὔκλεια
944 4048 1073 4112 τοῖς
1105 4046 1230 4101 τῶν
1264 4030 1640 4124 ἀξιωμάτων·
1663 4031 1941 4121 βαθμοῖς·

556 4158 684 4237 οἷς3
715 4161 1048 4251 ἑμπρέπειν
1096 4166 1254 4249 ὑμᾶς
1303 4151 1638 4234 διαπαντὸς
1671 4150 1945 4235 ἐξαιτού-

558 4285 717 4375 μεθα
747 4284 918 4377 παρὰ
948 4295 1062 4351 τοῦ
1095 4296 1210 4361 τῆς
1259 4276 1442 4363 δόξης
1490 4281 1650 4347 θεοῦ·
1696 4275 1831 4372 παρ’
1874 4276 1944 4346 οὗ

556 4411 664 4476 καὶ
694 4422 903 4476 ταῦτα
938 4412 1335 4500 πιστεύομεν,
1368 4409 1477 4474 καὶ
1497 4418 1702 4473 πᾶσαν
1728 4406 1942 4497 ἑτέραν

559 4535 808 4630 ἀγαθῶν
845 4534 1137 4627 ἀφθονίαν
1175 4528 1445 4623 δαψιλῶς
1491 4534 1599 4599 καὶ
1639 4534 1945 4607 πλουσίως

558 4660 1067 4754 ἑπιχορηγεῒσθαι
1114 4666 1290 4750 ὑμῖν,
1340 4666 1674 4749 οἰκτιρμοῒς
1720 4681 1794 4723 τε
1839 4657 1948 4721 καὶ

558 4788 771 4879 χάριτι
817 4798 933 4865 τῆς
981 4792 1172 4852 αὐτοῦ
1221 4785 1632 4879 ἀγαθότητος.

1061 5038 1067 5045 ’
1111 5036 1393 5097 ΤΕΛΟΣ.

2141 2407 2245 2473 15.
2293 2407 2676 2493 Prosperum
2722 2409 2940 2493 itaque
2986 2411 3433 2477 nanciscantur

2046 2536 2286 2600 exitum
2321 2557 2541 2620 preces
2573 2542 2847 2617 nostrae,
2896 2559 2933 2602 o
2979 2537 3257 2621 benigna
3306 2534 3433 2601 Dei
3528 2589 3539 2600 .

2045 2661 2486 2728 Providentia!
2536 2661 2621 2725 Et
2668 2662 2968 2745 quamdiu
3015 2663 3264 2728 caelum
3313 2629 3434 2725 tel-

2047 2787 2274 2871 lusque
2310 2788 2677 2868 manebunt,
2709 2790 2919 2852 vester
2948 2787 3053 2853 hic
3085 2809 3360 2872 quoque,
3396 2809 3434 2852 o

2047 2912 2354 2978 carissimi
2382 2913 2536 2978 mihi
2569 2914 2845 2993 iuvenes,
2874 2913 3175 2998 egregius
3201 2913 3434 2978 chorus

2045 3042 2429 3122 perseveret,
2478 3041 2779 3122 augescat
2824 3060 3074 3122 semper
3106 3041 3170 3102 et
3204 3037 3433 3121 ampli-

2045 3162 2295 3228 ficetur.
2342 3162 2674 3247 Nemoque
2718 3167 2926 3228 vester
2987 3163 3183 3244 rudiS,
3248 3185 3433 3229 nemo

2047 3288 2272 3353 evadat
2305 3287 2549 3354 inutilis
2588 3310 2793 3373 neque
2840 3287 3187 3373 inglorius;
3220 3288 3330 3353 sed
3364 3310 3430 3353 e-

2048 3419 2213 3480 stote
2239 3437 2474 3493 omneS,
2502 3417 2787 3498 quoquot
2810 3414 2931 3479 hoc
2952 3413 3228 3478 stadium
3254 3434 3435 3498 egre-

2049 3542 2228 3625 gium
2275 3541 2604 3605 decurrere
2658 3540 2933 3619 ambitis,
2997 3538 3435 3603 aestimatione

2049 3686 2248 3750 aeque
2281 3666 2480 3749 digni,
2525 3664 2799 3729 victores
2848 3668 2912 3729 et
2959 3664 3275 3729 coronati:
3325 3685 3438 3746 pa-

2047 3790 2337 3855 rentibus
2383 3789 2593 3868 decuS,
2627 3788 2919 3872 cognatis
2966 3787 3286 3871 gloriandi
3334 3808 3435 3851 oc-

2050 3914 2239 3994 casi0,
2281 3913 2562 3998 Imperio
2594 3916 2813 3977 nostro
2847 3916 3309 3992 ornamentum,
3342 3911 3437 3976 rei

2048 4038 2343 4123 publicae
2386 4036 2577 4118 saluS,
2639 4036 3060 4121 splendorque
3123 4036 3437 4101 maximus
3479 4055 3486 4063 ·

2051 4161 2353 4247 gradibus
2425 4161 2847 4246 dignitatum,
2908 4160 2975 4225 in
3035 4160 3265 4244 quibus
3326 4182 3437 4226 vos

2051 4310 2302 4371 semper
2348 4286 2828 4371 explendescere
2890 4308 2929 4350 a
2992 4285 3129 4350 Deo
3192 4284 3437 4370 gloriae

2052 4410 2469 4497 postulamuS,
2518 4432 2636 4475 nec
2681 4432 2809 4475 non
2856 4408 3045 4474 aliam
3088 4408 3439 4492 quamlibet

2052 4537 2367 4601 bonorum
2414 4535 2659 4619 copiam
2706 4534 3042 4599 affluenter
3087 4533 3439 4599 cumulate-

2054 4680 2178 4742 que
2211 4657 2292 4721 ab
2333 4656 2613 4720 eiusdem
2656 4656 2959 4720 bonitatis
3012 4651 3441 4719 misericordia

2057 4786 2124 4847 et
2169 4781 2382 4866 gratia
2426 4779 2605 4846 vobis
2651 4779 3064 4865 suppeditari.

2624 5026 2875 5093 FINIS.

711 5408 726 5443 ¹
767 5405 924 5461 Hinc
961 5403 1236 5461 editionis
1273 5402 1688 5474 Gottingensis
1724 5386 2138 5474 paragraphus
2173 5401 2262 5456 27.
2298 5432 2343 5441 —
2377 5402 2399 5437 ²
2436 5399 2641 5458 Erasis
2678 5397 2961 5454 extremis
3000 5418 3048 5458 ος
3088 5403 3149 5452 et
3184 5396 3247 5451 in
3281 5412 3443 5450 nexu

568 5490 959 5570 superpositis
987 5492 1254 5551 additum
1281 5498 1375 5548 est
1398 5492 1650 5549 verbum
1677 5495 1754 5545 ἀεὶ
1780 5490 2056 5549 secundis
2081 5490 2254 5547 curia
2282 5522 2320 5531 -
2343 5491 2367 5585 ἦ
2392 5487 2621 5543 Codicis
2655 5488 2891 5562 pagella
2928 5487 3117 5543 altera
3152 5484 3283 5541 folii
3318 5484 3439 5540 292.
