4573 6666
1261 852 1350 896 m*
1393 852 1754 900 Arnnnmo
1801 853 2595 905 consummoromuuo
2690 821 2697 826 ’
3282 845 3355 911 21

491 1062 612 1158 γὰρ
656 1063 800 1140 τοὺς
834 1063 1024 1156 ἱεροὺς
1055 1071 1234 1154 ἡμῶν
1267 1065 1488 1155 νόμους
1520 1070 1706 1134 οἱονεί
1743 1092 1872 1133 τισι
1979 1072 2309 1156 splendido
2368 1075 2671 1140 satellitio
2732 1077 2827 1142 uti
2876 1079 3260 1161 litteratura,
3309 1086 3379 1148 ct

493 1197 800 1286 λαμπροῖς
825 1185 1175 1285 δορυφόροις
1199 1193 1471 1284 χρῆσθαι
1493 1207 1624 1272 τοῖς
1648 1195 1875 1288 λόγοις.

495 1320 604 1385 καὶ
627 1331 974 1409 ’πανταχοῦ
1003 1319 1150 1410 παρ’
1183 1323 1429 1387 ἐκείνων
1476 1327 1554 1398 ὡς
1605 1325 1880 1407 βασιλεῖς

498 1455 622 1510 τῶν
653 1448 813 1514 ὅλων
839 1447 1228 1540 πραγμάτων
1254 1444 1782 1538 ὑπερασπίζεσθαί
1803 1472 1880 1514 τε

499 1572 607 1637 καὶ
627 1573 1176 1664 προπομπεύεσθαι
1209 1581 1290 1652 εἰς
1321 1575 1515 1664 τιμὴν
1536 1576 1556 1612 ¹
1591 1581 1746 1664 ὁμοῦ
1773 1575 1882 1638 καὶ

503 1696 844 1788 ἀσφάλειαν
891 1699 1040 1789 πρὸς
1087 1699 1229 1775 τοὺς
1261 1695 1622 1790 ἐπηρεάζειν
1671 1705 1880 1777 αὐτοῖς

501 1825 571 1886 ἐκ
617 1833 733 1898 τῆς
780 1821 1176 1914 θρασυτάτης
1238 1829 1348 1890 οὐκ
1395 1831 1726 1902 ὀκνοῦντας
1775 1849 1884 1890 σο-

501 1959 810 2034 φιστικῆς·
841 1952 910 2013 οὐ
942 1947 1063 2041 γὰρ
1097 1940 1172 2022 δὴ
1211 1950 1544 2041 ῥητορικὴν
1585 1952 1772 2041 φαίην
1809 1951 1881 2017 ἂν

503 2071 622 2146 τὴν
651 2073 726 2138 τὸ
747 2073 1002 2140 πιθανὸν
1029 2073 1414 2152 ιιίπιθ(ιίνιι)ς,·ΡΙ
1438 2075 1546 2140 καὶ
1569 2075 1837 2154 πιθανῶς
1857 2075 1884 2114 ⁸
1928 2093 1936 2100 “

504 2197 580 2264 τὸ
606 2196 899 2266 ἀπίθανον
931 2194 1522 2279 κατασκευάζουσαν
1553 2201 1807 2291 τέχνην.

1986 1199 2220 1284 ubique
2269 1221 2387 1265 ceu
2418 1223 2629 1266 rerum
2676 1204 2956 1268 omnium
2986 1206 3263 1290 reginas,
3296 1208 3376 1274 ab

1987 1322 2106 1389 hac
2135 1321 2383 1390 defendi
2415 1347 2488 1390 ac
2518 1327 2743 1411 stipari
2784 1329 3043 1395 honoris
3087 1332 3278 1397 simul
3312 1337 3377 1398 et

1987 1448 2228 1514 tutelae
2288 1472 2493 1533 causa,
2542 1458 2765 1518 contra
2810 1454 2973 1536 ἰΙΙοε,
3024 1458 3132 1542 qui
3164 1459 3379 1542 sophi·

1987 1572 2146 1640 stica
2193 1575 2411 1641 fraude
2456 1577 2783 1662 negotium
2803 1581 2902 1646 his
2950 1583 3244 1649 nituntur
3283 1585 3379 1650 fa-

1989 1721 2242 1766 cessere.
2261 1701 2433 1767 Nam
2450 1726 2527 1769 ne
2558 1705 2939 1772 rhetoricam
2959 1709 3213 1792 quidem
3240 1733 3379 1777 eam

1992 1847 2113 1911 ego
2160 1827 2446 1910 dixerim,
2504 1851 2669 1914 quae
2714 1833 3114 1899 credibilium
3160 1839 3235 1900 ut
3280 1836 3378 1900 in-

1991 1951 2333 2032 credibilia,
2380 1959 2444 2018 et
2476 1955 2749 2020 vicissim
2792 1927 3255 2024 incredibilium
3302 1964 3376 2026 ut

1991 2077 2319 2144 credibilia
2364 2080 2716 2160 videantur,
2762 2087 2967 2148 artem
3012 2089 3207 2152 creat.

685 2455 724 2538 9
775 2457 876 2521 11.
929 2456 1027 2522 De
1071 2458 1518 2560 tabellionibus
1561 2465 1622 2526 et
1654 2463 1956 2542 patronis
2001 2483 2044 2528 a
2089 2461 2301 2530 schola
2346 2464 2551 2548 lequm
2594 2465 2717 2530 rite
2760 2467 3202 2533 instituendis,

602 2694 694 2770 ια’.
729 2701 920 2770 Οἰῖον4ι
946 2696 1014 2771 δὲ
1039 2717 1256 2798 μικροῦ
1279 2707 1386 2772 καὶ
1411 2699 1694 2800 διέφυγεν
1726 2715 1764 2781 ἡ
1775 2719 1892 2798 μᾶς
2093 2713 2196 2779 11.
2247 2713 2375 2780 Sed·
2413 2736 2637 2799 parum
2685 2714 2911 2795 abfuit,
2946 2715 3099 2799 quin
3147 2715 3387 2800 aliquid

505 2830 840 2923 παρελθόν.
886 2831 1040 2896 Επεὶ
1093 2831 1213 2926 γὰρ
1269 2828 1436 2912 ἅπαξ
1489 2836 1766 2922 ἐμνήστη
1779 2860 1890 2925 μεν
2001 2837 2319 2903 oblivione
2376 2839 2823 2922 praeterirem:
2871 2840 3021 2924 quia
3074 2841 3241 2905 enim
3286 2843 3387 2904 ta-

511 2960 1120 3052 συμβολαιογράφων
1153 2958 1178 2994 ⁵
1225 2960 1333 3024 καὶ
1379 2960 1768 3051 συνηγόρων,
1826 2965 1894 3025 ἀ-
2003 2955 2303 3064 belliones
2348 2967 2412 3026 et
2458 2966 2761 3046 patronos
2790 2966 2963 3070 retro
3006 2985 3388 3029 commemo·

513 3096 814 3177 ναγκαῖον
861 3084 1158 3176 ᾠήθημεν
1191 3085 1300 3150 καὶ
1330 3087 1406 3151 τὸ
1437 3085 1578 3150 κατ’
1629 3089 1893 3163 ἐκείνους
2810 3082 2837 3119 ³

2000 3087 2298 3166 ravimus,
2352 3087 2766 3154 necessarium
2882 3087 3269 3153 arbitramur
3312 3087 3388 3152 de

513 3205 580 3274 ἐὖ
627 3208 855 3275 θέσθαι·
901 3217 980 3287 ὡς
1027 3210 1422 3300 πανταχόθεν
1468 3217 1618 3299 ἡμῖν
1679 3211 1890 3302 ἄρτιον
2003 3211 2557 3296 hisquoquerecte
2582 3173 2985 3291 constituere,
3006 3216 3077 3276 ut
3106 3233 3389 3296 quaque-

515 3338 606 3410 εἴη
643 3335 942 3401 καὶκατὰ
969 3328 1164 3427 μηδὲν
1190 3339 1451 3416 ἐλλιπὲς,
1479 3339 1554 3404 τὸ
1579 3336 1720 3428 περὶ
1751 3336 1895 3413 τοὺς
2002 3358 2219 3402 versus
2250 3337 2432 3403 nobis
2464 3337 2745 3421 perfecta
2788 3338 2921 3418 fiat,
2956 3336 3259 3421 nulloque
3296 3336 3391 3402 la-

511 3460 734 3551 νόμους
799 3474 990 3529 τοῦτο
1061 3465 1633 3555 κοινωφελέστατον
1704 3462 1899 3529 σπού-

515 3576 745 3677 δασμα.

1049 3712 1074 3749 ⁸
1123 3709 1225 3779 οὖν
1289 3714 1373 3779 τὰ
1432 3724 1560 3791 τοῖς
1609 3719 1898 3793 παλαιοῖς

627 3708 1012 3803 Θεσπίζομεν

517 3829 965 3932 ὃιηγορευμένα
1011 3840 1217 3929 νόμοις
1247 3840 1388 3930 περὶ
1425 3842 1693 3916 ἐκείνων,
1743 3840 1900 3932 ἅπερ

511 3956 638 4039 ἤδη
690 3955 914 4054 σχεδὸν
961 3964 1102 4030 ἀντὶ
1151 3965 1236 4053 μὴ
1295 3964 1745 4056 γεγραμμένων
1796 3990 1899 4030 νο-

519 4084 802 4178 μίζεσθαι
832 4096 872 4165 ἡ
909 4092 1182 4180 &Zp-noia
1211 4091 1540 4168 πεποίηκε,
1572 4091 1694 4161 τὴν
1741 4082 1898 4155 ἰδίαν

516 4214 624 4278 καὶ
666 4214 854 4280 πάλιν
901 4214 1067 4304 ἔχειν
1130 4215 1322 4305 ἰσχύν·
1383 4216 1490 4279 καὶ
1556 4215 1642 4303 μή
1713 4214 1898 4305 μόνον

520 4340 740 4416 αὐτοὺς
776 4339 988 4405 πάντα
1015 4340 1246 4431 τρόπον
1279 4343 1558 4405 ἐκπονεῖν
1592 4340 1700 4404 καὶ
1747 4364 1901 4429 μαν-

521 4463 723 4531 θάνειν
755 4469 1062 4554 ἐπιμελῶς
1093 4464 1178 4531 τὰ
1206 4477 1333 4531 τῶν
1368 4466 1569 4554 νόμων
1609 4464 1780 4557 παρὰ
1810 4476 1901 4549 τῷ

519 4591 894 4683 λογιωτάτῳ
941 4596 1502 4669 ΝοΜοΦιἋΑΚῐ,
1540 4590 1705 4658 ἀλλὰ
1752 4582 1899 4680 μηδ’

2005 3464 2238 3529 borans
2293 3462 2543 3529 defectu
2592 3466 2811 3528 nostra
2864 3463 3021 3527 haec
3072 3462 3240 3527 circa
3300 3460 3389 3525 le·
3506 3502 3511 3509 -

2008 3611 2120 3675 ges
2165 3590 2409 3655 cunctis
2453 3588 2791 3653 utilissima
2838 3585 3215 3653 lucubratio.

2095 3712 2509 3779 Decernimus
2554 3714 2789 3797 itaque,
2834 3716 2909 3776 ut
2954 3734 3116 3796 quae
3147 3712 3224 3776 de
3269 3711 3390 3777 hoc

2007 3836 2337 3903 hominum
2384 3857 2615 3921 genere
2662 3860 2699 3901 a
2730 3836 2952 3920 priscis
3000 3835 3391 3920 praescripta

2008 3963 2291 4042 fuerunt,
2324 3983 2609 4046 quaeque
2652 3960 2983 4046 neglectus
3026 3960 3392 4025 eorumdem

2009 4110 2160 4153 usus
2205 4092 2531 4171 tamquam
2578 4086 2755 4152 nulla
2798 4087 2927 4151 iam
2968 4085 3143 4164 fecit,
3178 4108 3253 4150 ea
3296 4085 3393 4150 in-

2008 4236 2201 4298 quam
2247 4212 2579 4297 proprium
2609 4211 2805 4278 robur
2844 4216 3253 4295 recuperent;
3301 4212 3393 4276 ita

2010 4343 2084 4403 ut
2115 4338 2469 4404 huiusmodi
2510 4338 2815 4418 homines,
2847 4360 2974 4402 non
3006 4336 3211 4402 solum
3242 4335 3397 4421 ipsi-

2011 4470 2144 4531 met
2173 4465 2423 4551 legibus
2455 4465 2759 4529 discendis
2790 4463 3007 4529 sedulo
3040 4463 3396 4528 allaborent

2011 4591 2182 4676 apud
2227 4590 2765 4687 sapientissimum
2810 4588 3396 4656 NOMOPHYLA-

668 4880 685 4915 ¹
725 4878 798 4933 In
835 4880 1025 4951 prima
1061 4880 1291 4953 syllaba
1343 4880 1588 4936 verbum
1628 4884 1773 4952 τίμην
1809 4879 1992 4935 habet
2027 4896 2314 4935 rasuram.
2339 4910 2377 4921 -
2400 4880 2423 4915 ²
2452 4876 2577 4934 Mai
2612 4876 2814 4933 omisit
2848 4876 3033 4933 verba
3072 4879 3124 4928 τὸ
3165 4878 3398 4927 &mombar

519 4968 768 5028 ὀιπιοανῶς
805 4967 836 5024 ἦ
875 4976 962 5021 καὶ
1001 4973 1208 5030 πιθανῶς
1247 4968 1308 5024 in
1344 4975 1531 5039 textu,
1572 4974 1635 5025 et
1669 4968 1731 5024 in
1768 4967 2056 5025 versione.
2085 4967 2283 5023 Verba
2320 4968 2690 5024 credibilium
2724 4968 2794 5021 ut
2816 4964 3203 5031 incredibilia,
3232 4965 3289 5018 et
3322 4963 3399 5016 vi-

521 5056 717 5111 cissim
755 5056 1043 5127 addimuS,
1084 5062 1146 5112 et
1183 5057 1388 5114 statim
1425 5064 1562 5129 post
1597 5058 1846 5115 verbum
1870 5058 2304 5113 incredibilium
2332 5076 2367 5111 a
2390 5056 2549 5111 Maio
2588 5053 2923 5126 appositum
2960 5052 3080 5109 alia
3114 5050 3297 5108 verba
3330 5054 3401 5106 ut

521 5148 827 5203 credibilia
846 5150 1177 5203 videantur.
1198 5146 1625 5204 Animadverte
1647 5153 1708 5203 et
1725 5148 1788 5203 in
1806 5146 1988 5220 priori
2005 5147 2278 5203 versione
2307 5163 2416 5202 sua
2438 5144 2562 5199 Mai
2586 5144 2731 5200 haec
2754 5162 2875 5199 non
2898 5143 3178 5199 habuisse
3198 5140 3397 5205 verba,
3464 5224 3467 5227 ἢ

520 5241 834 5293 contentus
873 5238 1070 5293 omnia
1105 5238 1289 5294 latine
1327 5238 1546 5294 referre
1585 5240 1694 5294 sic:
1733 5241 1896 5295 Nam
1931 5254 2115 5309 neque
2151 5238 2505 5292 rhetoricam
2532 5237 2699 5291 illam
2730 5236 2929 5289 dicam
2966 5249 3117 5305 quae
3152 5232 3403 5287 incredi-

523 5328 730 5383 bilium
767 5330 961 5384 artem
997 5332 1395 5387 machinatur.
1433 5329 1590 5385 Hinc
1624 5334 1688 5385 et
1723 5346 1799 5384 ex
1835 5326 1969 5383 aliis
2005 5327 2153 5382 locis
2191 5330 2434 5398 apparet
2479 5323 2817 5381 versionem
2870 5341 3040 5379 suam
3078 5322 3401 5379 confecisse

523 5433 644 5471 non
681 5433 714 5471 e
741 5416 936 5473 codice
963 5418 1072 5473 sed
1096 5435 1172 5473 ex
1195 5419 1564 5490 autographo
1591 5436 1698 5475 suo
1722 5435 1949 5489 graeco,
1975 5416 2041 5473 in
2065 5433 2182 5488 quo
2208 5414 2393 5473 verba
2418 5415 2709 5487 quaedam
2733 5412 2948 5469 omisit.
2976 5445 3025 5455 -
3048 5414 3071 5451 ³
3096 5411 3402 5468 Versionis

524 5502 797 5559 Maianae
846 5503 948 5559 fol.
990 5505 1073 5559 16.
1108 5536 1146 5547 -
1181 5506 1207 5541 ⁴
1241 5504 1396 5561 Hinc
1442 5506 1854 5580 paragraphus
1904 5506 1972 5561 19
2023 5504 2301 5561 editionis
2344 5501 2756 5574 Gottingensis
2792 5534 2838 5544 --
2876 5505 2899 5539 ⁵
2936 5499 3149 5557 Graeci
3198 5504 3403 5556 textus

525 5592 852 5665 apographi
889 5593 1110 5650 Maiani
1147 5594 1246 5650 fol.
1289 5598 1372 5651 17.
1413 5628 1456 5638 --
1489 5596 1512 5631 ⁶
1539 5596 1772 5653 Codicis
1797 5595 2036 5671 pagella
2063 5594 2252 5671 prima
2288 5593 2417 5653 folii
2452 5594 2573 5663 289,
2614 5598 2675 5651 et
2710 5591 2847 5649 hinc
2884 5592 3296 5668 paragraphus
3332 5590 3406 5647 20

528 5679 806 5739 editionis
843 5682 1274 5759 GottingensiS.
