4573 6666
1279 869 1360 934 10
2354 892 2443 936 nn
2490 893 2718 938 metum
2764 893 3065 940 cusvonn

1958 981 2173 990 m—

1269 1107 1460 1164 τοῦτο
1508 1090 1771 1166 δυνατὸν
1805 1095 2226 1191 ἐκλεξάμενοι,
2274 1107 2343 1169 οὐ
2378 1127 2659 1197 συναγω·

1269 1235 1388 1316 γῆς
1411 1249 1556 1290 τινα
1578 1227 1772 1292 τόπον
1797 1240 1927 1304 τοῖς
1953 1229 2155 1318 νόμων
2187 1234 2475 1320 ἐρασταῖς
2510 1235 2661 1296 ἀπο-

1268 1341 1608 1437 τάξαντες,
1665 1357 1733 1418 οὐ
1797 1355 2070 1430 σιτήσεις
2133 1356 2481 1445 ὁρίσαντες,
2546 1360 2657 1420 οὐκ

1269 1479 1427 1544 ἄλλο
1473 1505 1538 1545 τι
1580 1491 1706 1545 τῶν
1755 1483 1870 1546 ὅσα
1903 1491 2192 1566 συνιστᾷν
2235 1505 2309 1546 τε
2356 1481 2463 1546 καὶ
2510 1507 2660 1574 συγ-

1269 1617 1512 1696 κροτεῖν
1548 1597 1985 1672 διδασκαλείου
2015 1607 2252 1697 πέφυκε
2284 1601 2462 1684 τάξιν
2496 1613 2659 1672 οἰκο-

1271 1733 1676 1820 νομήσαντες·
1709 1731 1847 1798 ἀλλ’
1868 1738 1948 1808 ὡς
1981 1733 2406 1824 ἀκυβέρνητον
2437 1738 2655 1798 πλοῖον

1267 1856 1388 1924 τὴν
1439 1857 1601 1949 ἱεράν
1635 1856 2054 1947 νομομάθειαν
2099 1861 2162 1924 ὲν
2198 1858 2366 1948 μέσῳ
2406 1868 2498 1943 τῷ
2544 1883 2657 1924 πε-

1267 1980 1454 2074 λάγει
1484 1991 1595 2046 τοῦ
1630 1983 1766 2067 βίου
1805 1981 2164 2062 κατέλιπον,
2197 1988 2276 2059 ὡς
2310 1981 2383 2048 ἂν
2417 1985 2659 2073 συμπέ-

1271 2131 1367 2174 σοι
1413 2107 1522 2172 καί
1565 2107 1750 2199 τύχοι
1793 2108 2150 2174 πλανᾶσθαι
2190 2109 2300 2175 καὶ
2344 2109 2652 2202 φέρεσθαι.

2766 1115 3013 1176 certum
3038 1110 3255 1177 locum
3276 1111 3499 1198 legum
3524 1113 3827 1179 studiosis
3844 1114 4153 1200 adsigna-

2766 1243 2961 1303 runt:
3028 1261 3238 1322 neque
3302 1237 3625 1324 stipendia
3686 1239 4149 1317 decreverunt;

2766 1385 2885 1428 nec
2916 1362 3093 1428 aliud
3124 1363 3471 1448 quicqua-m
3496 1363 3941 1448 providerunt,
3968 1366 4147 1448 quod

2767 1488 3102 1554 ordinatae
3166 1488 3424 1553 scholae
3494 1487 3889 1554 creationem
3955 1510 4153 1574 coag-

2764 1613 3367 1698 mentationemque
3438 1617 3734 1697 saperet3
3804 1613 3917 1678 sed
3982 1618 4153 1678 tam·

2768 1761 2964 1822 quam
2990 1737 3129 1802 sine
3154 1737 3598 1823 gubernaculo
3630 1737 3869 1817 navim,
3897 1761 4153 1803 sacrum

2764 1863 2987 1948 legum
3022 1863 3307 1928 studium
3336 1861 3407 1926 in
3438 1860 3652 1928 medio
3684 1862 4010 1928 humanae
4051 1862 4151 1927 vi-

2762 1991 2871 2054 tae
2919 1987 3158 2074 pelago
3214 1988 3671 2067 destituerunt,
3728 1992 3803 2052 ut
3860 2009 4155 2072 quaqua·

2764 2137 2989 2180 versus
3034 2118 3280 2180 erraret
3311 2113 3589 2179 fortuito
3636 2135 3711 2178 ac
3768 2112 4153 2178 deferretur.

1923 2361 1960 2445 §
2009 2364 2070 2428 3.
2118 2361 2422 2446 Defectus
2465 2366 2622 2429 certi
2668 2365 3025 2448 mayisterii
3058 2364 3483 2446 perniciosus.

1356 2611 1436 2704 γ’.
1490 2601 1728 2675 Οὐδένα
1756 2606 1776 2642 ¹
1827 2617 1976 2702 γοῦν
2026 2601 2250 2698 σχεδὸν
2306 2611 2485 2700 ’ίσμεν
2532 2620 2658 2674 τῶν

1271 2743 1354 2814 εἰς
1393 2737 1720 2802 πολιτείαν
1756 2735 1898 2827 ἄρτι
1927 2737 2503 2829 παραγγελλόντων
2551 2737 2656 2803 ἀπ’

1269 2855 1630 2940 ἀξιοπίστου
1665 2859 2026 2949 μαθήσεως,
2058 2866 2139 2936 ὡς
2171 2854 2236 2939 ἐξ
2269 2861 2464 2951 ὅρμου
2494 2863 2659 2939 τινὸς

1266 2985 1306 3060 ἢ
1369 2986 1616 3076 λιμένος
1679 2984 1930 3052 εὐθέτου
1994 2984 2095 3050 ἐπὶ
2153 2983 2268 3062 τὰς
2330 2985 2659 3063 πολιτικὰς

1267 3111 1652 3204 ἀναγόμενον
1689 3111 2147 3201 μεταχειρίσεις
2176 3107 2201 3144 ²
2249 3111 2358 3175 καί
2388 3104 2657 3201 πράξεις·

1266 3207 1407 3301 ἀλλ’
1457 3238 1601 3302 ὅσον
1633 3247 1752 3312 τῆς
1787 3236 2090 3312 νεότητος
2127 3234 2307 3326 μέρος
2338 3235 2488 3326 πρὸς
2535 3235 2656 3304 τὴν

1263 3374 1378 3430 τοῦ
1412 3362 1790 3454 μαθήματος
1824 3364 2053 3429 τούτου
2085 3372 2313 3455 γνῶσιν
2346 3367 2522 3455 ὀργᾷ,
2550 3358 2661 3443 ζη-

1266 3502 1368 3555 τεῖ
1388 3490 1497 3580 μὲν
1524 3490 1632 3555 καὶ
1654 3491 1797 3555 λίαν
1823 3492 2128 3579 ἐπιμελῶς
2155 3489 2264 3553 τὸν
2294 3479 2655 3567 διδάξοντα,

1264 3608 1484 3682 οὐδένα
1531 3608 1598 3681 δὲ
1646 3615 1983 3702 βλέποντες
2047 3621 2129 3691 εἰς
2190 3624 2381 3680 τοῦτο
2427 3618 2658 3707 προβε-

1265 3742 1601 3833 βλημένον,
1635 3733 1776 3809 οὐδὲ
1821 3744 2019 3832 κρίσει
2050 3741 2160 3806 καὶ
2191 3738 2375 3830 ψήφῳ
2412 3765 2657 3832 μεμαρ-

1263 3866 1607 3956 τυρημένον
1658 3869 1975 3951 βασιλικῇ,
2010 3867 2240 3956 ἀπορίᾳ
2284 3876 2397 3930 τοῦ
2444 3867 2655 3957 κρείτ-

1264 4015 1438 4069 τονος
1465 3991 1553 4081 ἐφ’
1581 3991 1647 4057 ὃν
1673 3990 1746 4055 ἂν
1769 3990 2020 4080 τύχοιεν
2045 3992 2307 4067 ἕκαστος
2334 3996 2605 4082 ὁρμᾶται
2624 3988 2649 4027 ⁸

1263 4114 1372 4179 καὶ
1416 4114 1688 4205 φέρεται·
1718 4114 1826 4178 καὶ
1871 4114 2058 4190 ἄλλος
2093 4113 2266 4197 ἄλλῳ
2312 4114 2649 4191 πιστεύσας

1261 4240 1485 4306 ἑαυτὸν
1534 4231 1916 4325 διδασκάλῳ,
1965 4240 2079 4306 κᾶν
2127 4240 2382 4306 πάντων
2430 4240 2651 4306 ἀτελέ-

1263 4390 1484 4457 στερον
1549 4366 1684 4455 ἔχοι
1751 4366 1891 4457 περὶ
1939 4365 2060 4439 τὴν
2109 4378 2219 4432 τοῦ
2269 4365 2649 4455 μαθήματος

1264 4489 1549 4562 ἄσκησιν·
1571 4486 1599 4523 ⁴
1624 4490 1786 4577 ὅμως
1815 4490 1892 4555 τὸ
1927 4487 2107 4580 ῥηθὲν
2134 4488 2237 4554 ὑπ’
2263 4489 2518 4567 ἐκείνου,
2550 4492 2651 4575 βε-

1264 4615 1452 4698 βαίως
1480 4604 2007 4703 παραδεξάμενος,
2043 4592 2289 4689 ἀπῆλθε
2320 4614 2647 4693 πολλάκις,

1262 4745 1380 4829 οὐχ
1441 4738 1482 4804 ἃ
1535 4748 1666 4815 τοῖς
1726 4738 1933 4827 νόμοις
1993 4730 2230 4817 ἐδόκει,
2281 4740 2420 4805 ἀλλ’
2471 4740 2512 4806 ἃ
2556 4750 2649 4825 τῷ

1263 4856 1590 4944 διδάξαντι
1634 4863 1904 4941 ἐπῆλθεν
1953 4871 2168 4944 εἰπεῖν,
2215 4870 2297 4942 εἰς
2344 4866 2463 4941 τὴν
2511 4871 2653 4932 ἑαυ-

1261 5001 1375 5058 τοῦ
1422 4988 1628 5081 ψυχήν
1673 5012 1748 5057 τε
1795 4990 1901 5055 καὶ
1943 4992 2198 5082 μνήμην
2246 4991 2647 5083 παραλαβών.

1261 5118 1348 5191 Ως
1392 5114 1673 5181 ἐντεῦθεν
1724 5116 1971 5190 πολλήν
2033 5140 2177 5181 τινα
2229 5118 2521 5207 ταραχήν
2568 5141 2644 5182 τε

1262 5242 1372 5307 καί
1411 5241 1709 5333 σύγχυσιν
1756 5240 1900 5331 περὶ
1927 5239 2042 5317 τάς
2073 5240 2382 5307 ἑκάστοτε
2428 5242 2651 5330 κρίσεις

2856 2615 2918 2678 3.
2947 2614 3127 2699 Ergo
3154 2613 3482 2679 neminem
3513 2613 3717 2680 ferme
3750 2614 4047 2679 novimus
4072 2637 4157 2680 ex

2762 2739 3225 2824 profitentibus
3272 2761 3482 2823 nuper
3528 2739 3734 2804 vitam
3794 2737 4153 2824 politicam,

2762 2865 2873 2948 qui
2945 2887 3023 2928 ex
3094 2863 3296 2949 digna
3358 2868 3425 2928 et
3488 2863 3815 2948 probabili
3874 2863 4155 2928 institu-

2758 2986 2959 3066 tione,
3014 2993 3350 3072 tamquam
3398 2988 3476 3053 de
3524 2987 3810 3053 statione
3869 2988 4151 3072 quadam

2760 3118 2875 3178 aut
2921 3118 3117 3198 portu
3164 3113 3243 3177 ad
3277 3111 3857 3177 administrandam
3887 3135 4151 3196 rempu-

2757 3237 2995 3304 blicam
3042 3238 3419 3316 accesserit3
3468 3238 3579 3303 sed
3626 3242 3955 3322 quotquot
3994 3239 4151 3303 ado-

2757 3364 3074 3431 lescentes
3120 3366 3203 3429 ad
3248 3364 3443 3430 huius
3488 3364 3797 3431 scientiae
3842 3363 4149 3429 notitiam

2755 3490 3036 3571 inhiant,
3085 3491 3131 3555 ii
3166 3494 3490 3575 quaerunt
3522 3512 3676 3556 sane
3712 3490 3997 3555 studiose
4034 3489 4149 3573 qui

2756 3640 2823 3683 se
2884 3617 3133 3695 doceat,
3200 3616 3311 3681 sed
3376 3615 3703 3681 neminem
3764 3614 4148 3701 magisterio

2756 3742 3145 3827 deputatum
3199 3746 3558 3819 cernenteS,
3608 3763 3728 3807 nec
3784 3740 4020 3806 iudicio
4066 3763 4143 3805 ac

2756 3867 3016 3932 decreto
3065 3866 3250 3951 regio
3296 3866 3647 3945 munitum,
3683 3866 3971 3931 melioris
4002 3865 4144 3931 ino-

2758 3991 2888 4077 pia,
2920 3991 3361 4079 unusquisque
3394 3992 3476 4056 ad
3499 3990 3775 4057 fortuito
3798 3991 4143 4056 inventum

2756 4139 2824 4182 se
2858 4116 3110 4182 confert
3142 4121 3209 4181 et
3240 4115 3547 4201 applicat.
3590 4114 3811 4201 Atque
3841 4116 3937 4181 ita
3984 4115 4149 4181 alius

2756 4242 2869 4307 alii
2914 4264 2982 4307 se
3031 4242 3296 4307 credens
3341 4241 3680 4327 magistro,
3745 4263 4140 4327 quamquam

2756 4366 2927 4431 forte
2976 4366 3057 4431 ad
3105 4365 3483 4451 disciplinae
3516 4365 4002 4431 institutionem
4044 4366 4147 4429 in-

2758 4496 2938 4576 epte,
2990 4490 3417 4556 nihilominus
3450 4490 3638 4557 dictis
3663 4486 3688 4523 ⁸
3724 4493 3807 4557 ab
3840 4514 3919 4557 eo
3951 4490 4151 4555 firmi-

2765 4622 2869 4684 ter
2915 4617 3205 4681 imbutus
3238 4616 3527 4695 discedit,
3562 4635 3697 4681 non
3734 4617 3960 4702 legum
4006 4638 4149 4681 sen·

2757 4766 2852 4821 su,
2900 4743 3011 4809 sed
3044 4742 3343 4828 magistri
3372 4741 3677 4827 opinione
3708 4740 3779 4805 in
3810 4740 4148 4826 proprium

2762 4868 3054 4933 animum
3101 4866 3615 4951 memoriamque
3658 4872 3942 4951 recepta.
3977 4865 4147 4953 Hinc

2756 4992 3062 5077 frequens
3109 4992 3427 5076 quaedam
3458 4991 3865 5077 perturbatio
3896 4990 3966 5055 in
4016 4991 4149 5055 sin-

2764 5116 2939 5205 gulis
2983 5139 3201 5182 rerum
3246 5116 3754 5182 iudicationibus
3810 5116 4151 5201 continge-

2756 5244 2891 5322 bat,
2942 5242 3095 5327 quia
3142 5264 3377 5326 nempe
3424 5241 3686 5321 iudiceS,
3736 5240 3958 5326 paucis
4006 5262 4141 5306 om·

1405 5524 1424 5559 ¹
1464 5520 1623 5579 Hinc
1649 5522 2062 5597 paragraphus
2087 5524 2122 5578 b
2147 5522 2559 5595 Gottingensis
2586 5522 2879 5579 editionis·
2904 5553 2944 5565 -
2980 5524 3002 5559 ²
3040 5522 3272 5579 Codicis
3308 5522 3549 5595 pagella
3584 5522 3776 5577 altera
3810 5520 3909 5577 fol.
3946 5522 4068 5575 282.
4104 5549 4150 5562 -

1262 5612 1288 5650 ³
1311 5610 1512 5667 Codex
1550 5616 1612 5667 et
1655 5611 1836 5667 editio
1875 5612 2286 5684 Gottingensis
2317 5616 2447 5682 ὁρμᾶ
2474 5634 2541 5683 τι,
2580 5612 2685 5667 sed
2710 5610 2834 5667 cod.
2860 5610 3028 5683 prius
3056 5615 3270 5683 ὁρμᾶται
3294 5614 3503 5683 postea
3540 5610 3725 5667 erasis
3764 5632 3813 5663 αι
3850 5608 3991 5665 fecit
4030 5632 4051 5662 ι
4084 5608 4147 5663 in

1265 5700 1398 5757 fine·
1425 5730 1463 5742 -
1483 5700 1508 5737 ⁴
1534 5698 1841 5758 Versionis
1867 5700 2276 5775 autographae
2310 5698 2580 5757 Maianae
2604 5697 2705 5757 fol.
2734 5698 2817 5754 10.
2842 5730 2883 5741 -
2904 5702 2928 5736 ⁵
2954 5698 3187 5761 Codicis
3210 5698 3413 5775 graeci
3436 5702 3642 5759 textus
3666 5698 3887 5755 Maiani
3920 5697 4021 5755 fol.
4061 5698 4145 5757 11·
