4573 6666
1275 898 1318 963 6
2354 914 2446 958 m:
2492 911 2721 956 lineum
2766 911 3067 958 cusrona·

1270 1139 1567 1234 gerant,
1644 1136 2148 1211 emendasset.
2199 1133 2744 1233 *Partitionem
2820 1134 3475 1230 paragraphorum
3552 1132 3649 1206 ab
3723 1132 3885 1228 ipso
3946 1131 4178 1206 Maio

1275 1281 1537 1356 datam
1593 1281 2088 1370 servavimuS‚
2148 1279 2427 1355 omissa
2464 1279 2619 1352 alia
2656 1278 3072 1375 partitione
3128 1278 3209 1351 in
3247 1279 3336 1368 ἐξ
3387 1278 3511 1368 27,
3570 1297 3765 1372 quae
3823 1276 4171 1372 apparet

1273 1427 1356 1500 in
1409 1425 1743 1502 editione
1800 1425 2310 1520 Gottingensi.
2370 1422 2815 1498 Versionem
2869 1423 3157 1519 pariter
3212 1421 3597 1495 Maianam
3652 1443 3747 1496 ex
3804 1421 3969 1495 eius
4007 1443 4171 1494 au-

1280 1569 1706 1664 tographo¹
1767 1569 2250 1664 sumpsimus,
2294 1569 2374 1641 et
2410 1567 2477 1640 si
2518 1567 2700 1662 quid
2753 1567 2915 1663 ipse
2971 1565 3251 1656 omisit,
3310 1589 3491 1639 nam
3546 1565 3923 1660 quaedam
3960 1568 4036 1640 ei
4080 1565 4177 1638 in

1280 1712 1768 1788 exscribendo
1826 1715 2048 1785 textu
2104 1735 2240 1786 suo
2299 1711 2755 1794 exciderant,
2814 1710 3355 1805 supplevimus,
3423 1710 3608 1784 locis
3683 1712 3947 1784 tamen
4019 1708 4174 1784 ubi

1284 1856 1362 1931 id
1417 1856 1693 1930 accidit
1729 1858 2082 1930 accurate
2119 1856 2535 1929 annotatis,
2574 1855 2893 1929 Praeter
2928 1855 3135 1944 haec,
3178 1855 3424 1950 parcis
3482 1853 4175 1928 animadversioni-

1287 2003 1429 2077 bus
1486 2001 1809 2076 editioni
1869 2004 2181 2077 nostrae
2257 2000 2660 2091 adiunctiS,
2730 2000 2989 2074 omnia
3052 1999 3310 2073 studio
3382 2001 3463 2074 et
3538 1999 4181 2074 adnotationibus

1287 2148 1766 2224 eruditorum
1819 2147 2363 2242 permittimus·

1430 2429 1448 2465 ¹
1475 2425 1568 2482 Ex
1605 2424 1805 2482 codice
1841 2423 2130 2480 Vaticano
2167 2423 2311 2478 9575
2349 2427 2595 2496 apparet
2617 2421 2741 2477 Mai
2762 2421 2857 2477 bis
2885 2421 3196 2494 scripsisse
3219 2419 3556 2477 versionem
3580 2421 3760 2477 huius
3784 2419 4023 2476 Deci-eti
4056 2435 4183 2476 seu

1289 2515 1601 2574 Novellae:
1640 2507 1860 2587 duplex
1897 2514 2052 2570 enim
2073 2513 2158 2569 ibi
2184 2519 2278 2569 est
2302 2512 2597 2570 versionis
2622 2512 2841 2568 latinae
2869 2512 3184 2583 exemplar.
3208 2511 3303 2567 Ex
3324 2511 3403 2568 iis
3428 2511 3659 2568 duobus
3682 2529 3793 2568 nos
3827 2509 3979 2566 illud
4014 2509 4181 2566 sele-

1290 2607 1505 2681 gimus,
1531 2605 1690 2679 quod
1725 2605 2018 2662 secundae
2056 2622 2230 2661 curas
2265 2604 2389 2660 Mai
2434 2608 2743 2676 expertum
2780 2619 2912 2658 esse
2948 2601 3211 2672 videtur,
3252 2607 3312 2658 et
3350 2601 3447 2657 oui
3484 2603 3558 2658 ab
3596 2601 3802 2659 eodem
3843 2600 4179 2674 interprete

1292 2694 1598 2768 appositus
1635 2698 1730 2749 est
1766 2710 1799 2749 e
1835 2692 2078 2764 regione
2115 2709 2369 2765 graecus
2408 2695 2613 2747 textus
2648 2707 2831 2746 manu
2868 2707 2979 2746 sua
3014 2706 3047 2746 e
3085 2688 3285 2746 codiee
3323 2689 3672 2764 descriptus.
