<?xml version="1.0" encoding="UTF-8"?>
<!DOCTYPE html PUBLIC "-//W3C//DTD XHTML 1.0 Transitional//EN"
    "http://www.w3.org/TR/xhtml1/DTD/xhtml1-transitional.dtd">
<html xmlns="http://www.w3.org/1999/xhtml" xml:lang="en" lang="en">
 <head>
  <title>
</title>
<meta http-equiv="Content-Type" content="text/html;charset=utf-8" />
  <meta name='ocr-system' content='tesseract 3.04.00' />
  <meta name='ocr-capabilities' content='ocr_page ocr_carea ocr_par ocr_line ocrx_word'/>
</head>
<body>
  <div class='ocr_page' id='page_1' title='image "./delegumcustodee00abpgoog_0031.png"; bbox 0 0 4573 6666; ppageno 0'>
   <div class='ocr_carea' id='block_1_1' title="bbox 1307 845 3426 911">
    <p class='ocr_par' dir='ltr' id='par_1_1' title="bbox 1307 845 3426 911">
     <span class='ocr_line' id='line_1_1' title="bbox 1307 845 3426 911; baseline 0.002 -5"><span class='ocrx_word' id='word_1_1' title='bbox 1307 859 1395 907; x_wconf 73' lang='lat' dir='ltr'><strong>m</strong></span> <span class='ocrx_word' id='word_1_2' title='bbox 1441 861 1802 908; x_wconf 61' lang='lat' dir='ltr'><strong>numano</strong></span> <span class='ocrx_word' id='word_1_3' title='bbox 1849 861 2647 910; x_wconf 67' lang='lat' dir='ltr'><strong>cons‘rmrmopom‘mno</strong></span> <span class='ocrx_word' id='word_1_4' title='bbox 3340 845 3426 911; x_wconf 79' lang='lat'><strong>25</strong></span> 
     </span>
    </p>
   </div>
   <div class='ocr_carea' id='block_1_2' title="bbox 1060 954 1796 962">
    <p class='ocr_par' dir='ltr' id='par_1_2' title="bbox 1060 954 1796 962">
     <span class='ocr_line' id='line_1_2' title="bbox 1060 954 1796 962; baseline 0.004 -3"><span class='ocrx_word' id='word_1_5' title='bbox 1060 955 1073 959; x_wconf 89' lang='lat'>-</span> <span class='ocrx_word' id='word_1_6' title='bbox 1095 954 1277 959; x_wconf 87' lang='lat'><strong>——</strong></span> <span class='ocrx_word' id='word_1_7' title='bbox 1324 955 1796 962; x_wconf 69' lang='lat'><em>-—-—.-———-———-—-</em></span> 
     </span>
    </p>
   </div>
   <div class='ocr_carea' id='block_1_3' title="bbox 537 1065 1934 2795">
    <p class='ocr_par' dir='ltr' id='par_1_3' title="bbox 537 1065 1934 2795">
     <span class='ocr_line' id='line_1_3' title="bbox 537 1065 1926 1168; baseline 0.003 -32"><span class='ocrx_word' id='word_1_8' title='bbox 537 1071 622 1137; x_wconf 66' lang='grc' dir='ltr'>τὰ</span> <span class='ocrx_word' id='word_1_9' title='bbox 669 1065 1048 1137; x_wconf 75' lang='grc' dir='ltr'>διδασκάλια</span> <span class='ocrx_word' id='word_1_10' title='bbox 1093 1074 1292 1166; x_wconf 80' lang='grc' dir='ltr'>ἔργοις</span> <span class='ocrx_word' id='word_1_11' title='bbox 1341 1084 1494 1139; x_wconf 80' lang='grc' dir='ltr'>πᾶσι</span> <span class='ocrx_word' id='word_1_12' title='bbox 1541 1075 1647 1139; x_wconf 81' lang='grc' dir='ltr'>καὶ</span> <span class='ocrx_word' id='word_1_13' title='bbox 1697 1076 1926 1168; x_wconf 76' lang='grc' dir='ltr'>λόγοις,</span> 
     </span>
     <span class='ocr_line' id='line_1_4' title="bbox 537 1189 1921 1286; baseline 0.003 -26"><span class='ocrx_word' id='word_1_14' title='bbox 537 1196 657 1270; x_wconf 82' lang='grc' dir='ltr'><strong>τὴν</strong></span> <span class='ocrx_word' id='word_1_15' title='bbox 705 1189 1007 1286; x_wconf 74' lang='grc' dir='ltr'>διαμονὴν</span> <span class='ocrx_word' id='word_1_16' title='bbox 1071 1203 1230 1284; x_wconf 78' lang='grc' dir='ltr'>αὐτῇ</span> <span class='ocrx_word' id='word_1_17' title='bbox 1283 1199 1390 1264; x_wconf 83' lang='grc' dir='ltr'>καὶ</span> <span class='ocrx_word' id='word_1_18' title='bbox 1435 1201 1555 1273; x_wconf 75' lang='grc' dir='ltr'><strong>τὴν</strong></span> <span class='ocrx_word' id='word_1_19' title='bbox 1604 1201 1921 1278; x_wconf 76' lang='grc' dir='ltr'>σύστασιν,</span> 
     </span>
     <span class='ocr_line' id='line_1_5' title="bbox 539 1317 1921 1416; baseline 0.002 -29"><span class='ocrx_word' id='word_1_20' title='bbox 539 1323 640 1388; x_wconf 82' lang='grc' dir='ltr'><strong>ναὶ</strong></span> <span class='ocrx_word' id='word_1_21' title='bbox 671 1323 812 1412; x_wconf 83' lang='grc' dir='ltr'>μὴν·</span> <span class='ocrx_word' id='word_1_22' title='bbox 832 1322 1090 1398; x_wconf 78' lang='grc' dir='ltr'>καὶτὴν</span> <span class='ocrx_word' id='word_1_23' title='bbox 1119 1330 1202 1401; x_wconf 88' lang='grc' dir='ltr'><strong>εἰς</strong></span> <span class='ocrx_word' id='word_1_24' title='bbox 1227 1325 1300 1390; x_wconf 82' lang='grc' dir='ltr'>τὸ</span> <span class='ocrx_word' id='word_1_25' title='bbox 1332 1336 1618 1416; x_wconf 85' lang='grc' dir='ltr'>κρεῖττον</span> <span class='ocrx_word' id='word_1_26' title='bbox 1650 1317 1921 1392; x_wconf 76' lang='grc' dir='ltr'>ἐπίδοσιν</span> 
     </span>
     <span class='ocr_line' id='line_1_6' title="bbox 538 1447 1927 1542; baseline 0.003 -30"><span class='ocrx_word' id='word_1_27' title='bbox 538 1448 881 1538; x_wconf 82' lang='grc' dir='ltr'>φιλοπόνως</span> <span class='ocrx_word' id='word_1_28' title='bbox 913 1447 1500 1542; x_wconf 79' lang='grc' dir='ltr'>πραγματευόμενοι</span> <span class='ocrx_word' id='word_1_29' title='bbox 1521 1452 1562 1525; x_wconf 82' lang='lat'><strong>¹,</strong></span> <span class='ocrx_word' id='word_1_30' title='bbox 1589 1451 1696 1516; x_wconf 80' lang='grc' dir='ltr'>καὶ</span> <span class='ocrx_word' id='word_1_31' title='bbox 1719 1457 1800 1528; x_wconf 87' lang='grc' dir='ltr'>ὡς</span> <span class='ocrx_word' id='word_1_32' title='bbox 1827 1477 1927 1516; x_wconf 88' lang='grc' dir='ltr'><strong>πι-</strong></span> 
     </span>
     <span class='ocr_line' id='line_1_7' title="bbox 543 1574 1926 1667; baseline 0.003 -28"><span class='ocrx_word' id='word_1_33' title='bbox 543 1575 681 1640; x_wconf 80' lang='grc' dir='ltr'>στοὶ</span> <span class='ocrx_word' id='word_1_34' title='bbox 711 1574 951 1652; x_wconf 79' lang='grc' dir='ltr'><strong>ταύτης</strong></span> <span class='ocrx_word' id='word_1_35' title='bbox 975 1575 1265 1666; x_wconf 80' lang='grc' dir='ltr'>τρόφιμοι</span> <span class='ocrx_word' id='word_1_36' title='bbox 1289 1587 1616 1667; x_wconf 82' lang='grc' dir='ltr'>πανταχοῦ</span> <span class='ocrx_word' id='word_1_37' title='bbox 1641 1578 1788 1667; x_wconf 85' lang='grc' dir='ltr'>πρὸς</span> <span class='ocrx_word' id='word_1_38' title='bbox 1815 1581 1926 1643; x_wconf 82' lang='grc' dir='ltr'>αὐ·-</span> 
     </span>
     <span class='ocr_line' id='line_1_8' title="bbox 539 1693 1925 1792; baseline 0.003 -30"><span class='ocrx_word' id='word_1_39' title='bbox 539 1699 658 1772; x_wconf 80' lang='grc' dir='ltr'><strong>τὴν</strong></span> <span class='ocrx_word' id='word_1_40' title='bbox 691 1699 1112 1792; x_wconf 82' lang='grc' dir='ltr'>γνησιώτερον</span> <span class='ocrx_word' id='word_1_41' title='bbox 1145 1693 1544 1790; x_wconf 76' lang='grc' dir='ltr'>διακείμενοι,</span> <span class='ocrx_word' id='word_1_42' title='bbox 1569 1707 1649 1779; x_wconf 86' lang='grc' dir='ltr'>ὡς</span> <span class='ocrx_word' id='word_1_43' title='bbox 1683 1701 1756 1767; x_wconf 82' lang='grc' dir='ltr'>ἂν</span> <span class='ocrx_word' id='word_1_44' title='bbox 1787 1713 1925 1779; x_wconf 79' lang='grc' dir='ltr'>ταῖς</span> 
     </span>
     <span class='ocr_line' id='line_1_9' title="bbox 540 1817 1927 1917; baseline 0.002 -29"><span class='ocrx_word' id='word_1_45' title='bbox 540 1817 604 1903; x_wconf 82' lang='grc' dir='ltr'><strong>ἐξ</strong></span> <span class='ocrx_word' id='word_1_46' title='bbox 659 1830 830 1914; x_wconf 84' lang='grc' dir='ltr'>ὑμῶν</span> <span class='ocrx_word' id='word_1_47' title='bbox 895 1827 1350 1917; x_wconf 82' lang='grc' dir='ltr'>συγκροτήσεσι</span> <span class='ocrx_word' id='word_1_48' title='bbox 1375 1826 1420 1889; x_wconf 82' lang='lat'><strong>².</strong></span> <span class='ocrx_word' id='word_1_49' title='bbox 1487 1833 1766 1891; x_wconf 83' lang='grc' dir='ltr'>Τοιαῦτα</span> <span class='ocrx_word' id='word_1_50' title='bbox 1818 1827 1927 1892; x_wconf 85' lang='grc' dir='ltr'>καὶ</span> 
     </span>
     <span class='ocr_line' id='line_1_10' title="bbox 549 1949 1927 2044; baseline 0.002 -31"><span class='ocrx_word' id='word_1_51' title='bbox 549 1951 817 2038; x_wconf 80' lang='grc' dir='ltr'>κρείττω</span> <span class='ocrx_word' id='word_1_52' title='bbox 852 1955 936 2026; x_wconf 81' lang='grc' dir='ltr'><strong>εἰς</strong></span> <span class='ocrx_word' id='word_1_53' title='bbox 960 1951 1069 2016; x_wconf 81' lang='grc' dir='ltr'><strong>τὸν</strong></span> <span class='ocrx_word' id='word_1_54' title='bbox 1101 1950 1353 2016; x_wconf 77' lang='grc' dir='ltr'>ἅπαντα</span> <span class='ocrx_word' id='word_1_55' title='bbox 1375 1949 1596 2042; x_wconf 89' lang='grc' dir='ltr'>χρόνον</span> <span class='ocrx_word' id='word_1_56' title='bbox 1625 1952 1759 2042; x_wconf 82' lang='grc' dir='ltr'>ἔχοι</span> <span class='ocrx_word' id='word_1_57' title='bbox 1782 1977 1927 2044; x_wconf 87' lang='grc' dir='ltr'>καρ-</span> 
     </span>
     <span class='ocr_line' id='line_1_11' title="bbox 543 2075 1928 2167; baseline 0.004 -29"><span class='ocrx_word' id='word_1_58' title='bbox 543 2087 854 2166; x_wconf 86' lang='grc' dir='ltr'>ποφορεῖν,</span> <span class='ocrx_word' id='word_1_59' title='bbox 905 2075 1150 2165; x_wconf 82' lang='grc' dir='ltr'>εὐμενὲς</span> <span class='ocrx_word' id='word_1_60' title='bbox 1196 2075 1554 2167; x_wconf 79' lang='grc' dir='ltr'>ἐφορώντων</span> <span class='ocrx_word' id='word_1_61' title='bbox 1601 2079 1686 2142; x_wconf 82' lang='grc' dir='ltr'>ἐπ’</span> <span class='ocrx_word' id='word_1_62' title='bbox 1729 2077 1928 2151; x_wconf 78' lang='grc' dir='ltr'>αὐτὴν</span> 
     </span>
     <span class='ocr_line' id='line_1_12' title="bbox 543 2197 1750 2291; baseline 0.002 -27"><span class='ocrx_word' id='word_1_63' title='bbox 543 2197 776 2265; x_wconf 81' lang='grc' dir='ltr'>ἄνωθεν</span> <span class='ocrx_word' id='word_1_64' title='bbox 805 2197 831 2233; x_wconf 78' lang='lat'>⁵</span> <span class='ocrx_word' id='word_1_65' title='bbox 877 2209 1002 2266; x_wconf 83' lang='grc' dir='ltr'><strong>τῶν</strong></span> <span class='ocrx_word' id='word_1_66' title='bbox 1050 2199 1384 2291; x_wconf 80' lang='grc' dir='ltr'>ὀφθαλμῶν</span> <span class='ocrx_word' id='word_1_67' title='bbox 1431 2211 1544 2280; x_wconf 82' lang='grc' dir='ltr'>τοῦ</span> <span class='ocrx_word' id='word_1_68' title='bbox 1592 2201 1750 2269; x_wconf 89' lang='grc' dir='ltr'>θεοῦ.</span> 
     </span>
     <span class='ocr_line' id='line_1_13' title="bbox 629 2315 1926 2419; baseline 0.003 -31"><span class='ocrx_word' id='word_1_69' title='bbox 629 2323 856 2390; x_wconf 67' lang='grc' dir='ltr'><strong>Αλλεὲι6</strong></span> <span class='ocrx_word' id='word_1_70' title='bbox 889 2335 1079 2390; x_wconf 90' lang='grc' dir='ltr'>τοῦτο</span> <span class='ocrx_word' id='word_1_71' title='bbox 1113 2315 1222 2415; x_wconf 68' lang='grc' dir='ltr'>μὲν</span> <span class='ocrx_word' id='word_1_72' title='bbox 1256 2318 1491 2418; x_wconf 73' lang='grc' dir='ltr'>σφόδρα</span> <span class='ocrx_word' id='word_1_73' title='bbox 1533 2328 1642 2393; x_wconf 86' lang='grc' dir='ltr'>καὶ</span> <span class='ocrx_word' id='word_1_74' title='bbox 1688 2326 1926 2419; x_wconf 79' lang='grc' dir='ltr'>θαρρεῖν</span> 
     </span>
     <span class='ocr_line' id='line_1_14' title="bbox 541 2441 1930 2544; baseline 0.004 -31"><span class='ocrx_word' id='word_1_75' title='bbox 541 2450 650 2514; x_wconf 74' lang='grc' dir='ltr'>καὶ</span> <span class='ocrx_word' id='word_1_76' title='bbox 691 2445 961 2531; x_wconf 77' lang='grc' dir='ltr'>ἐλπίζειν</span> <span class='ocrx_word' id='word_1_77' title='bbox 994 2441 1136 2544; x_wconf 81' lang='grc' dir='ltr'>παρ’</span> <span class='ocrx_word' id='word_1_78' title='bbox 1173 2457 1342 2541; x_wconf 84' lang='grc' dir='ltr'>ὑμῶν</span> <span class='ocrx_word' id='word_1_79' title='bbox 1375 2454 1604 2542; x_wconf 82' lang='grc' dir='ltr'>ἔχομεν</span> <span class='ocrx_word' id='word_1_80' title='bbox 1637 2457 1698 2518; x_wconf 82' lang='grc' dir='ltr'>ἐν</span> <span class='ocrx_word' id='word_1_81' title='bbox 1739 2455 1930 2519; x_wconf 75' lang='grc' dir='ltr'>παντὶ</span> 
     </span>
     <span class='ocr_line' id='line_1_15' title="bbox 541 2575 1930 2668; baseline 0.004 -30"><span class='ocrx_word' id='word_1_82' title='bbox 541 2584 632 2658; x_wconf 85' lang='grc' dir='ltr'>τῷ</span> <span class='ocrx_word' id='word_1_83' title='bbox 667 2575 831 2664; x_wconf 75' lang='grc' dir='ltr'>μετὰ</span> <span class='ocrx_word' id='word_1_84' title='bbox 871 2587 1076 2642; x_wconf 89' lang='grc' dir='ltr'>ταῦτα</span> <span class='ocrx_word' id='word_1_85' title='bbox 1121 2587 1335 2668; x_wconf 84' lang='grc' dir='ltr'>καιρῷ,</span> <span class='ocrx_word' id='word_1_86' title='bbox 1385 2579 1650 2668; x_wconf 76' lang='grc' dir='ltr'>εἴπερ-τι</span> <span class='ocrx_word' id='word_1_87' title='bbox 1687 2578 1930 2663; x_wconf 80' lang='grc' dir='ltr'>βούλοι-</span> 
     </span>
     <span class='ocr_line' id='line_1_16' title="bbox 545 2692 1934 2795; baseline 0.003 -31"><span class='ocrx_word' id='word_1_88' title='bbox 545 2699 652 2765; x_wconf 86' lang='grc' dir='ltr'><strong>σθε</strong></span> <span class='ocrx_word' id='word_1_89' title='bbox 697 2711 894 2766; x_wconf 82' lang='grc' dir='ltr'>ποιεῖν</span> <span class='ocrx_word' id='word_1_90' title='bbox 944 2692 1177 2780; x_wconf 73' lang='grc' dir='ltr'>δεξιὸν,</span> <span class='ocrx_word' id='word_1_91' title='bbox 1226 2703 1332 2766; x_wconf 75' lang='grc' dir='ltr'>καὶ</span> <span class='ocrx_word' id='word_1_92' title='bbox 1378 2701 1497 2786; x_wconf 83' lang='grc' dir='ltr'><strong>θεῷ</strong></span> <span class='ocrx_word' id='word_1_93' title='bbox 1547 2703 1654 2767; x_wconf 80' lang='grc' dir='ltr'>καὶ</span> <span class='ocrx_word' id='word_1_94' title='bbox 1701 2702 1934 2795; x_wconf 82' lang='grc' dir='ltr'>ἀνθρώ-</span> 
     </span>
    </p>
   </div>
   <div class='ocr_carea' id='block_1_4' title="bbox 543 2817 1699 2919">
    <p class='ocr_par' dir='ltr' id='par_1_4' title="bbox 543 2817 1699 2919">
     <span class='ocr_line' id='line_1_17' title="bbox 543 2817 1699 2919; baseline 0.002 -29"><span class='ocrx_word' id='word_1_95' title='bbox 543 2848 678 2901; x_wconf 88' lang='grc' dir='ltr'>ποις</span> <span class='ocrx_word' id='word_1_96' title='bbox 727 2817 1148 2892; x_wconf 79' lang='grc' dir='ltr'>εὺαπόδεκτον</span> <span class='ocrx_word' id='word_1_97' title='bbox 1196 2827 1303 2892; x_wconf 78' lang='grc' dir='ltr'>καὶ</span> <span class='ocrx_word' id='word_1_98' title='bbox 1351 2827 1699 2919; x_wconf 82' lang='grc' dir='ltr'>εὐάρεστον.</span> 
     </span>
    </p>
   </div>
   <div class='ocr_carea' id='block_1_5' title="bbox 709 3078 1930 3165">
    <p class='ocr_par' dir='ltr' id='par_1_5' title="bbox 709 3078 1930 3165">
     <span class='ocr_line' id='line_1_18' title="bbox 709 3078 1930 3165; baseline 0.003 -21"><span class='ocrx_word' id='word_1_99' title='bbox 709 3078 746 3160; x_wconf 66' lang='grc' dir='ltr'><strong>ἕ</strong></span> <span class='ocrx_word' id='word_1_100' title='bbox 797 3081 898 3145; x_wconf 89' lang='grc'><strong>14.</strong></span> <span class='ocrx_word' id='word_1_101' title='bbox 947 3079 1297 3147; x_wconf 55' lang='lat' dir='ltr'><strong>Auditor-es</strong></span> <span class='ocrx_word' id='word_1_102' title='bbox 1341 3081 1429 3148; x_wconf 84' lang='lat' dir='ltr'><strong>ad</strong></span> <span class='ocrx_word' id='word_1_103' title='bbox 1463 3085 1824 3165; x_wconf 77' lang='lat' dir='ltr'><strong>profectum</strong></span> <span class='ocrx_word' id='word_1_104' title='bbox 1871 3090 1930 3148; x_wconf 81' lang='lat' dir='ltr'><strong>et</strong></span> 
     </span>
    </p>
   </div>
   <div class='ocr_carea' id='block_1_6' title="bbox 460 3319 1944 5300">
    <p class='ocr_par' dir='ltr' id='par_1_6' title="bbox 460 3319 1944 5300">
     <span class='ocr_line' id='line_1_19' title="bbox 639 3319 1932 3425; baseline 0.003 -30"><span class='ocrx_word' id='word_1_105' title='bbox 639 3319 732 3395; x_wconf 77' lang='grc' dir='ltr'>ιδ’.</span> <span class='ocrx_word' id='word_1_106' title='bbox 758 3329 855 3396; x_wconf 76' lang='grc' dir='ltr'><strong>Τὰ</strong></span> <span class='ocrx_word' id='word_1_107' title='bbox 881 3321 948 3397; x_wconf 70' lang='grc' dir='ltr'><strong>δὲ</strong></span> <span class='ocrx_word' id='word_1_108' title='bbox 972 3342 1074 3397; x_wconf 87' lang='grc' dir='ltr'><strong>νῦν</strong></span> <span class='ocrx_word' id='word_1_109' title='bbox 1099 3331 1492 3410; x_wconf 79' lang='grc' dir='ltr'>τηλικαύτης</span> <span class='ocrx_word' id='word_1_110' title='bbox 1514 3332 1658 3425; x_wconf 83' lang='grc' dir='ltr'>παρ’</span> <span class='ocrx_word' id='word_1_111' title='bbox 1677 3325 1932 3410; x_wconf 76' lang='grc' dir='ltr'>ἐλπίδας</span> 
     </span>
     <span class='ocr_line' id='line_1_20' title="bbox 545 3458 1937 3547; baseline 0.001 -25"><span class='ocrx_word' id='word_1_112' title='bbox 545 3462 684 3547; x_wconf 78' lang='grc' dir='ltr'>ὑμῖν</span> <span class='ocrx_word' id='word_1_113' title='bbox 734 3458 1024 3547; x_wconf 75' lang='grc' dir='ltr'>εὐτυχίας</span> <span class='ocrx_word' id='word_1_114' title='bbox 1077 3460 1506 3547; x_wconf 76' lang='grc' dir='ltr'>ἀναφανείσης,</span> <span class='ocrx_word' id='word_1_115' title='bbox 1557 3460 1735 3523; x_wconf 87' lang='grc' dir='ltr'>ὄκνον</span> <span class='ocrx_word' id='word_1_116' title='bbox 1784 3464 1937 3525; x_wconf 81' lang='grc' dir='ltr'>ἁπο-</span> 
     </span>
     <span class='ocr_line' id='line_1_21' title="bbox 546 3580 1937 3674; baseline 0.001 -27"><span class='ocrx_word' id='word_1_117' title='bbox 546 3580 789 3671; x_wconf 80' lang='grc' dir='ltr'>θέμενοι</span> <span class='ocrx_word' id='word_1_118' title='bbox 819 3582 1048 3658; x_wconf 82' lang='grc' dir='ltr'>πάντα,</span> <span class='ocrx_word' id='word_1_119' title='bbox 1089 3584 1196 3647; x_wconf 76' lang='grc' dir='ltr'>καὶ</span> <span class='ocrx_word' id='word_1_120' title='bbox 1231 3583 1461 3672; x_wconf 82' lang='grc' dir='ltr'>μηκέτι</span> <span class='ocrx_word' id='word_1_121' title='bbox 1490 3586 1636 3674; x_wconf 81' lang='grc' dir='ltr'>πρὸς</span> <span class='ocrx_word' id='word_1_122' title='bbox 1670 3584 1790 3657; x_wconf 80' lang='grc' dir='ltr'><strong>τὴν</strong></span> <span class='ocrx_word' id='word_1_123' title='bbox 1827 3595 1937 3650; x_wconf 86' lang='grc' dir='ltr'>τοῦ</span> 
     </span>
     <span class='ocr_line' id='line_1_22' title="bbox 545 3700 1934 3803; baseline 0.001 -30"><span class='ocrx_word' id='word_1_124' title='bbox 545 3709 915 3803; x_wconf 80' lang='grc' dir='ltr'>πράγματος</span> <span class='ocrx_word' id='word_1_125' title='bbox 941 3714 1330 3801; x_wconf 78' lang='grc' dir='ltr'>ἱλιγγιῶντες</span> <span class='ocrx_word' id='word_1_126' title='bbox 1365 3700 1749 3799; x_wconf 69' lang='grc' dir='ltr'>δυσχέρειαν,</span> <span class='ocrx_word' id='word_1_127' title='bbox 1787 3702 1934 3799; x_wconf 75' lang='grc' dir='ltr'>μηδ’</span> 
     </span>
     <span class='ocr_line' id='line_1_23' title="bbox 546 3824 1932 3924; baseline 0.001 -26"><span class='ocrx_word' id='word_1_128' title='bbox 546 3840 627 3909; x_wconf 84' lang='grc' dir='ltr'>ὡς</span> <span class='ocrx_word' id='word_1_129' title='bbox 659 3832 1099 3923; x_wconf 84' lang='grc' dir='ltr'>ἀκατόρθωτον</span> <span class='ocrx_word' id='word_1_130' title='bbox 1126 3834 1282 3910; x_wconf 83' lang='grc' dir='ltr'>ὅλως</span> <span class='ocrx_word' id='word_1_131' title='bbox 1317 3833 1355 3907; x_wconf 81' lang='grc' dir='ltr'><strong>ἢ</strong></span> <span class='ocrx_word' id='word_1_132' title='bbox 1395 3824 1932 3924; x_wconf 72' lang='grc' dir='ltr'>δυσκατόρθωτον,</span> 
     </span>
     <span class='ocr_line' id='line_1_24' title="bbox 460 3957 1940 4051; baseline 0 -28"><span class='ocrx_word' id='word_1_133' title='bbox 460 3960 471 3969; x_wconf 82' lang='grc'><strong>’</strong></span> <span class='ocrx_word' id='word_1_134' title='bbox 549 3958 624 4023; x_wconf 78' lang='grc' dir='ltr'>τὸ</span> <span class='ocrx_word' id='word_1_135' title='bbox 655 3957 981 4023; x_wconf 85' lang='grc' dir='ltr'>θειότατόν</span> <span class='ocrx_word' id='word_1_136' title='bbox 1028 3982 1102 4022; x_wconf 90' lang='grc' dir='ltr'><strong>τε</strong></span> <span class='ocrx_word' id='word_1_137' title='bbox 1133 3957 1242 4022; x_wconf 77' lang='grc' dir='ltr'>καὶ</span> <span class='ocrx_word' id='word_1_138' title='bbox 1289 3957 1583 4050; x_wconf 81' lang='grc' dir='ltr'>μέγιστον</span> <span class='ocrx_word' id='word_1_139' title='bbox 1633 3958 1940 4051; x_wconf 81' lang='grc' dir='ltr'>ἀπογινώ-</span> 
     </span>
     <span class='ocr_line' id='line_1_25' title="bbox 549 4081 1932 4173; baseline 0 -25"><span class='ocrx_word' id='word_1_140' title='bbox 549 4106 804 4159; x_wconf 90' lang='grc' dir='ltr'>σκοντες</span> <span class='ocrx_word' id='word_1_141' title='bbox 852 4081 1138 4172; x_wconf 84' lang='grc' dir='ltr'>μάθημα,</span> <span class='ocrx_word' id='word_1_142' title='bbox 1188 4081 1456 4173; x_wconf 84' lang='grc' dir='ltr'>σώφρονί</span> <span class='ocrx_word' id='word_1_143' title='bbox 1500 4108 1622 4148; x_wconf 91' lang='grc' dir='ltr'>τινι</span> <span class='ocrx_word' id='word_1_144' title='bbox 1683 4094 1932 4173; x_wconf 80' lang='grc' dir='ltr'>κατοχῇ</span> 
     </span>
     <span class='ocr_line' id='line_1_26' title="bbox 549 4207 1940 4299; baseline 0.002 -28"><span class='ocrx_word' id='word_1_145' title='bbox 549 4208 657 4271; x_wconf 77' lang='grc' dir='ltr'>καὶ</span> <span class='ocrx_word' id='word_1_146' title='bbox 702 4210 912 4297; x_wconf 82' lang='grc' dir='ltr'>μανίᾳ,</span> <span class='ocrx_word' id='word_1_147' title='bbox 946 4207 1114 4273; x_wconf 74' lang='grc' dir='ltr'>κατὰ</span> <span class='ocrx_word' id='word_1_148' title='bbox 1143 4208 1288 4283; x_wconf 83' lang='grc' dir='ltr'>τοὺς</span> <span class='ocrx_word' id='word_1_149' title='bbox 1335 4212 1504 4297; x_wconf 85' lang='grc' dir='ltr'>ὑμῶν</span> <span class='ocrx_word' id='word_1_150' title='bbox 1554 4208 1772 4299; x_wconf 85' lang='grc' dir='ltr'>σοφοὺς</span> <span class='ocrx_word' id='word_1_151' title='bbox 1819 4208 1940 4299; x_wconf 83' lang='grc' dir='ltr'><strong>φά-</strong></span> 
     </span>
     <span class='ocr_line' id='line_1_27' title="bbox 552 4332 1936 4424; baseline 0.001 -26"><span class='ocrx_word' id='word_1_152' title='bbox 552 4358 678 4412; x_wconf 88' lang='grc' dir='ltr'>ναι,</span> <span class='ocrx_word' id='word_1_153' title='bbox 735 4334 884 4424; x_wconf 81' lang='grc' dir='ltr'>πρὸς</span> <span class='ocrx_word' id='word_1_154' title='bbox 943 4342 1131 4398; x_wconf 89' lang='grc' dir='ltr'>τοῦτο</span> <span class='ocrx_word' id='word_1_155' title='bbox 1197 4332 1614 4423; x_wconf 84' lang='grc' dir='ltr'>κατεχόμενοι</span> <span class='ocrx_word' id='word_1_156' title='bbox 1665 4332 1936 4423; x_wconf 87' lang='grc' dir='ltr'>φέρεσθε·</span> 
     </span>
     <span class='ocr_line' id='line_1_28' title="bbox 549 4456 1937 4551; baseline 0 -28"><span class='ocrx_word' id='word_1_157' title='bbox 549 4458 656 4523; x_wconf 77' lang='grc' dir='ltr'>καὶ</span> <span class='ocrx_word' id='word_1_158' title='bbox 705 4467 834 4523; x_wconf 88' lang='grc' dir='ltr'><strong>τῶν</strong></span> <span class='ocrx_word' id='word_1_159' title='bbox 895 4458 1327 4523; x_wconf 81' lang='grc' dir='ltr'>ἀτοπωτάτων</span> <span class='ocrx_word' id='word_1_160' title='bbox 1384 4456 1744 4551; x_wconf 85' lang='grc' dir='ltr'>λογίσασθε,</span> <span class='ocrx_word' id='word_1_161' title='bbox 1793 4458 1937 4534; x_wconf 84' lang='grc' dir='ltr'>τοὺς</span> 
     </span>
     <span class='ocr_line' id='line_1_29' title="bbox 551 4582 1943 4673; baseline 0 -26"><span class='ocrx_word' id='word_1_162' title='bbox 551 4583 658 4672; x_wconf 83' lang='grc' dir='ltr'>μὲν</span> <span class='ocrx_word' id='word_1_163' title='bbox 693 4582 892 4649; x_wconf 87' lang='grc' dir='ltr'>πάλαι</span> <span class='ocrx_word' id='word_1_164' title='bbox 923 4592 1048 4647; x_wconf 86' lang='grc' dir='ltr'><strong>τῶν</strong></span> <span class='ocrx_word' id='word_1_165' title='bbox 1089 4583 1237 4648; x_wconf 83' lang='grc' dir='ltr'>νέων</span> <span class='ocrx_word' id='word_1_166' title='bbox 1284 4583 1648 4673; x_wconf 87' lang='grc' dir='ltr'>φιλοπόνους</span> <span class='ocrx_word' id='word_1_167' title='bbox 1693 4582 1802 4647; x_wconf 77' lang='grc' dir='ltr'>καὶ</span> <span class='ocrx_word' id='word_1_168' title='bbox 1847 4606 1943 4672; x_wconf 89' lang='grc' dir='ltr'><strong>φι-</strong></span> 
     </span>
     <span class='ocr_line' id='line_1_30' title="bbox 547 4699 1942 4799; baseline -0.001 -26"><span class='ocrx_word' id='word_1_169' title='bbox 547 4709 847 4799; x_wconf 81' lang='grc' dir='ltr'>λονόμους</span> <span class='ocrx_word' id='word_1_170' title='bbox 895 4699 1250 4797; x_wconf 73' lang='grc' dir='ltr'>ἀποδημίας</span> <span class='ocrx_word' id='word_1_171' title='bbox 1282 4732 1359 4773; x_wconf 89' lang='grc' dir='ltr'><strong>τε</strong></span> <span class='ocrx_word' id='word_1_172' title='bbox 1394 4706 1766 4775; x_wconf 83' lang='grc' dir='ltr'>στέλλεσθαι</span> <span class='ocrx_word' id='word_1_173' title='bbox 1796 4708 1942 4772; x_wconf 82' lang='grc' dir='ltr'><strong>τοὺ-</strong></span> 
     </span>
     <span class='ocr_line' id='line_1_31' title="bbox 548 4832 1938 4924; baseline -0.003 -25"><span class='ocrx_word' id='word_1_174' title='bbox 548 4858 662 4899; x_wconf 90' lang='grc' dir='ltr'>του</span> <span class='ocrx_word' id='word_1_175' title='bbox 707 4834 888 4924; x_wconf 83' lang='grc' dir='ltr'>χάριν</span> <span class='ocrx_word' id='word_1_176' title='bbox 922 4833 1178 4924; x_wconf 70' lang='grc' dir='ltr'>μακράς·</span> <span class='ocrx_word' id='word_1_177' title='bbox 1213 4833 1318 4898; x_wconf 81' lang='grc' dir='ltr'>καὶ</span> <span class='ocrx_word' id='word_1_178' title='bbox 1350 4832 1492 4909; x_wconf 82' lang='grc' dir='ltr'>τοὺς</span> <span class='ocrx_word' id='word_1_179' title='bbox 1532 4832 1640 4922; x_wconf 79' lang='grc' dir='ltr'>μὲν</span> <span class='ocrx_word' id='word_1_180' title='bbox 1690 4839 1772 4908; x_wconf 85' lang='grc' dir='ltr'><strong>εἰς</strong></span> <span class='ocrx_word' id='word_1_181' title='bbox 1819 4832 1938 4907; x_wconf 80' lang='grc' dir='ltr'><strong>τὴν</strong></span> 
     </span>
     <span class='ocr_line' id='line_1_32' title="bbox 549 4958 1939 5050; baseline -0.001 -25"><span class='ocrx_word' id='word_1_182' title='bbox 549 4958 971 5050; x_wconf 82' lang='grc' dir='ltr'>πρεσβυτέραν</span> <span class='ocrx_word' id='word_1_183' title='bbox 1006 4958 1254 5049; x_wconf 82' lang='grc' dir='ltr'>Ῥώμην</span> <span class='ocrx_word' id='word_1_184' title='bbox 1283 4960 1584 5049; x_wconf 87' lang='grc' dir='ltr'>ἀπαίρειν,</span> <span class='ocrx_word' id='word_1_185' title='bbox 1612 4958 1752 5024; x_wconf 80' lang='grc' dir='ltr'>κατ’</span> <span class='ocrx_word' id='word_1_186' title='bbox 1787 4958 1939 5047; x_wconf 77' lang='grc' dir='ltr'>ἔρω-</span> 
     </span>
     <span class='ocr_line' id='line_1_33' title="bbox 549 5076 1940 5176; baseline 0 -27"><span class='ocrx_word' id='word_1_187' title='bbox 549 5109 633 5150; x_wconf 88' lang='grc' dir='ltr'><strong>τα</strong></span> <span class='ocrx_word' id='word_1_188' title='bbox 678 5085 880 5173; x_wconf 87' lang='grc' dir='ltr'>νόμων</span> <span class='ocrx_word' id='word_1_189' title='bbox 916 5088 1240 5176; x_wconf 80' lang='grc' dir='ltr'>ῥωμαϊκῶν</span> <span class='ocrx_word' id='word_1_190' title='bbox 1275 5085 1647 5174; x_wconf 76' lang='grc' dir='ltr'>ἀκροάσεως·</span> <span class='ocrx_word' id='word_1_191' title='bbox 1682 5084 1823 5161; x_wconf 87' lang='grc' dir='ltr'>τοὺς</span> <span class='ocrx_word' id='word_1_192' title='bbox 1873 5076 1940 5149; x_wconf 73' lang='grc' dir='ltr'><strong>δὲ</strong></span> 
     </span>
     <span class='ocr_line' id='line_1_34' title="bbox 550 5200 1944 5300; baseline 0 -27"><span class='ocrx_word' id='word_1_193' title='bbox 550 5220 632 5295; x_wconf 81' lang='grc' dir='ltr'>τῇ</span> <span class='ocrx_word' id='word_1_194' title='bbox 671 5211 988 5300; x_wconf 86' lang='grc' dir='ltr'>Βηρυτίων</span> <span class='ocrx_word' id='word_1_195' title='bbox 1011 5201 1339 5299; x_wconf 74' lang='grc' dir='ltr'>ἐπιδημεῖν</span> <span class='ocrx_word' id='word_1_196' title='bbox 1360 5208 1404 5288; x_wconf 85' lang='lat'><strong>⁷,</strong></span> <span class='ocrx_word' id='word_1_197' title='bbox 1432 5208 1580 5275; x_wconf 84' lang='grc' dir='ltr'>ἔνθα</span> <span class='ocrx_word' id='word_1_198' title='bbox 1607 5211 1828 5299; x_wconf 86' lang='grc' dir='ltr'>νόμους</span> <span class='ocrx_word' id='word_1_199' title='bbox 1855 5200 1944 5273; x_wconf 74' lang='grc' dir='ltr'><strong>δι-</strong></span> 
     </span>
    </p>
   </div>
   <div class='ocr_carea' id='block_1_7' title="bbox 1799 955 1983 962">
    <p class='ocr_par' dir='ltr' id='par_1_7' title="bbox 1799 955 1983 962">
     <span class='ocr_line' id='line_1_35' title="bbox 1799 955 1983 962; baseline 0 0"><span class='ocrx_word' id='word_1_200' title='bbox 1799 955 1983 962; x_wconf 95' lang='lat' dir='ltr'><strong> </strong></span> 
     </span>
    </p>
   </div>
   <div class='ocr_carea' id='block_1_8' title="bbox 2641 957 2848 963">
    <p class='ocr_par' dir='ltr' id='par_1_8' title="bbox 2641 957 2848 963">
     <span class='ocr_line' id='line_1_36' title="bbox 2641 957 2848 963; baseline 0 0"><span class='ocrx_word' id='word_1_201' title='bbox 2641 957 2848 963; x_wconf 95' lang='lat' dir='ltr'><strong> </strong></span> 
     </span>
    </p>
   </div>
   <div class='ocr_carea' id='block_1_9' title="bbox 2975 957 3413 971">
    <p class='ocr_par' dir='ltr' id='par_1_9' title="bbox 2975 957 3413 971">
     <span class='ocr_line' id='line_1_37' title="bbox 2975 957 3413 971; baseline 0 5695"><span class='ocrx_word' id='word_1_202' title='bbox 2975 957 3413 971; x_wconf 95' lang='lat' dir='ltr'><strong> </strong></span> 
     </span>
    </p>
   </div>
   <div class='ocr_carea' id='block_1_10' title="bbox 2031 1079 3433 1901">
    <p class='ocr_par' dir='ltr' id='par_1_10' title="bbox 2031 1079 3433 1901">
     <span class='ocr_line' id='line_1_38' title="bbox 2036 1079 3427 1163; baseline 0 -19"><span class='ocrx_word' id='word_1_203' title='bbox 2036 1080 2299 1162; x_wconf 77' lang='lat' dir='ltr'><strong>tagetiS,</strong></span> <span class='ocrx_word' id='word_1_204' title='bbox 2346 1079 2520 1144; x_wconf 85' lang='lat' dir='ltr'><strong>omni</strong></span> <span class='ocrx_word' id='word_1_205' title='bbox 2552 1101 2743 1163; x_wconf 86' lang='lat' dir='ltr'><strong>opere</strong></span> <span class='ocrx_word' id='word_1_206' title='bbox 2775 1103 2847 1146; x_wconf 85' lang='lat' dir='ltr'><strong>ac</strong></span> <span class='ocrx_word' id='word_1_207' title='bbox 2880 1101 3165 1148; x_wconf 87' lang='lat' dir='ltr'><strong>sermone</strong></span> <span class='ocrx_word' id='word_1_208' title='bbox 3196 1101 3427 1163; x_wconf 89' lang='lat' dir='ltr'><strong>perpe-</strong></span> 
     </span>
     <span class='ocr_line' id='line_1_39' title="bbox 2032 1205 3428 1287; baseline 0.002 -18"><span class='ocrx_word' id='word_1_209' title='bbox 2032 1205 2333 1270; x_wconf 84' lang='lat' dir='ltr'><strong>tuitatem</strong></span> <span class='ocrx_word' id='word_1_210' title='bbox 2376 1205 2475 1270; x_wconf 92' lang='lat' dir='ltr'><strong>illi</strong></span> <span class='ocrx_word' id='word_1_211' title='bbox 2520 1227 2596 1270; x_wconf 87' lang='lat' dir='ltr'><strong>ac</strong></span> <span class='ocrx_word' id='word_1_212' title='bbox 2640 1205 3081 1287; x_wconf 73' lang='lat' dir='ltr'><strong>stabilitatem,</strong></span> <span class='ocrx_word' id='word_1_213' title='bbox 3114 1205 3312 1271; x_wconf 88' lang='lat' dir='ltr'><strong>immo</strong></span> <span class='ocrx_word' id='word_1_214' title='bbox 3359 1210 3428 1272; x_wconf 90' lang='lat' dir='ltr'><strong>et</strong></span> 
     </span>
     <span class='ocr_line' id='line_1_40' title="bbox 2031 1329 3429 1416; baseline 0.001 -22"><span class='ocrx_word' id='word_1_215' title='bbox 2031 1329 2099 1394; x_wconf 90' lang='lat' dir='ltr'><strong>in</strong></span> <span class='ocrx_word' id='word_1_216' title='bbox 2145 1329 2373 1394; x_wconf 88' lang='lat' dir='ltr'><strong>melius</strong></span> <span class='ocrx_word' id='word_1_217' title='bbox 2428 1334 2823 1414; x_wconf 82' lang='lat' dir='ltr'><strong>provectum,</strong></span> <span class='ocrx_word' id='word_1_218' title='bbox 2872 1331 3149 1397; x_wconf 83' lang='lat' dir='ltr'><strong>studiose</strong></span> <span class='ocrx_word' id='word_1_219' title='bbox 3198 1353 3429 1416; x_wconf 89' lang='lat' dir='ltr'><strong>procu-</strong></span> 
     </span>
     <span class='ocr_line' id='line_1_41' title="bbox 2033 1453 3429 1539; baseline 0 -19"><span class='ocrx_word' id='word_1_220' title='bbox 2033 1458 2273 1534; x_wconf 75' lang='lat' dir='ltr'><strong>ranteS,</strong></span> <span class='ocrx_word' id='word_1_221' title='bbox 2300 1459 2625 1539; x_wconf 84' lang='lat' dir='ltr'><strong>tamquam</strong></span> <span class='ocrx_word' id='word_1_222' title='bbox 2651 1455 2839 1521; x_wconf 88' lang='lat' dir='ltr'><strong>huius</strong></span> <span class='ocrx_word' id='word_1_223' title='bbox 2862 1455 3079 1521; x_wconf 88' lang='lat' dir='ltr'><strong>fideles</strong></span> <span class='ocrx_word' id='word_1_224' title='bbox 3104 1453 3132 1496; x_wconf 78' lang='lat'><strong>3</strong></span> <span class='ocrx_word' id='word_1_225' title='bbox 3163 1455 3429 1537; x_wconf 80' lang='lat' dir='ltr'><strong>alumni,</strong></span> 
     </span>
     <span class='ocr_line' id='line_1_42' title="bbox 2033 1577 3432 1667; baseline 0.003 -22"><span class='ocrx_word' id='word_1_226' title='bbox 2033 1581 2254 1664; x_wconf 85' lang='lat' dir='ltr'><strong>quovis</strong></span> <span class='ocrx_word' id='word_1_227' title='bbox 2292 1581 2361 1646; x_wconf 85' lang='lat' dir='ltr'><strong>in</strong></span> <span class='ocrx_word' id='word_1_228' title='bbox 2390 1579 2531 1646; x_wconf 92' lang='lat' dir='ltr'><strong>loco</strong></span> <span class='ocrx_word' id='word_1_229' title='bbox 2562 1581 2761 1649; x_wconf 84' lang='lat' dir='ltr'><strong>veluti</strong></span> <span class='ocrx_word' id='word_1_230' title='bbox 2794 1583 3230 1667; x_wconf 80' lang='lat' dir='ltr'><strong>conspirantes</strong></span> <span class='ocrx_word' id='word_1_231' title='bbox 3254 1577 3285 1614; x_wconf 79' lang='lat'><strong>⁴</strong></span> <span class='ocrx_word' id='word_1_232' title='bbox 3332 1605 3432 1649; x_wconf 89' lang='lat' dir='ltr'><strong>er-</strong></span> 
     </span>
     <span class='ocr_line' id='line_1_43' title="bbox 2035 1687 3433 1792; baseline 0.002 -22"><span class='ocrx_word' id='word_1_233' title='bbox 2035 1725 2120 1790; x_wconf 86' lang='lat' dir='ltr'><strong>ga</strong></span> <span class='ocrx_word' id='word_1_234' title='bbox 2171 1705 2351 1770; x_wconf 83' lang='lat' dir='ltr'><strong>illam</strong></span> <span class='ocrx_word' id='word_1_235' title='bbox 2389 1687 2655 1790; x_wconf 73' lang='lat' dir='ltr'><strong>optime</strong></span> <span class='ocrx_word' id='word_1_236' title='bbox 2717 1706 2947 1773; x_wconf 84' lang='lat' dir='ltr'><strong>affecti.</strong></span> <span class='ocrx_word' id='word_1_237' title='bbox 3003 1707 3183 1774; x_wconf 84' lang='lat' dir='ltr'><strong>Haec</strong></span> <span class='ocrx_word' id='word_1_238' title='bbox 3238 1711 3433 1792; x_wconf 86' lang='lat' dir='ltr'><strong>atque</strong></span> 
     </span>
     <span class='ocr_line' id='line_1_44' title="bbox 2033 1831 3431 1901; baseline 0.003 -4"><span class='ocrx_word' id='word_1_239' title='bbox 2033 1831 2188 1897; x_wconf 88' lang='lat' dir='ltr'><strong>adeo</strong></span> <span class='ocrx_word' id='word_1_240' title='bbox 2219 1832 2485 1898; x_wconf 87' lang='lat' dir='ltr'><strong>meliora</strong></span> <span class='ocrx_word' id='word_1_241' title='bbox 2512 1833 2579 1897; x_wconf 89' lang='lat' dir='ltr'><strong>in</strong></span> <span class='ocrx_word' id='word_1_242' title='bbox 2610 1855 2797 1900; x_wconf 91' lang='lat' dir='ltr'><strong>omne</strong></span> <span class='ocrx_word' id='word_1_243' title='bbox 2826 1856 3053 1900; x_wconf 84' lang='lat' dir='ltr'><strong>aevum</strong></span> <span class='ocrx_word' id='word_1_244' title='bbox 3074 1835 3243 1900; x_wconf 88' lang='lat' dir='ltr'><strong>bona</strong></span> <span class='ocrx_word' id='word_1_245' title='bbox 3278 1855 3431 1901; x_wconf 92' lang='lat' dir='ltr'><strong>con-</strong></span> 
     </span>
    </p>
   </div>
   <div class='ocr_carea' id='block_1_11' title="bbox 2034 1957 3423 2166">
    <p class='ocr_par' dir='ltr' id='par_1_11' title="bbox 2034 1957 3423 2166">
     <span class='ocr_line' id='line_1_45' title="bbox 2034 1957 3423 2044; baseline 0.003 -23"><span class='ocrx_word' id='word_1_246' title='bbox 2034 1961 2356 2041; x_wconf 85' lang='lat' dir='ltr'><strong>sequetur,</strong></span> <span class='ocrx_word' id='word_1_247' title='bbox 2404 1957 2526 2022; x_wconf 89' lang='lat' dir='ltr'><strong>Dei</strong></span> <span class='ocrx_word' id='word_1_248' title='bbox 2587 1957 2786 2025; x_wconf 88' lang='lat' dir='ltr'><strong>oculis</strong></span> <span class='ocrx_word' id='word_1_249' title='bbox 2835 1959 3105 2044; x_wconf 85' lang='lat' dir='ltr'><strong>desuper</strong></span> <span class='ocrx_word' id='word_1_250' title='bbox 3148 1959 3423 2044; x_wconf 83' lang='lat' dir='ltr'><strong>benigne</strong></span> 
     </span>
     <span class='ocr_line' id='line_1_46' title="bbox 2039 2081 2729 2166; baseline 0 -21"><span class='ocrx_word' id='word_1_251' title='bbox 2039 2102 2182 2146; x_wconf 88' lang='lat' dir='ltr'><strong>eam</strong></span> <span class='ocrx_word' id='word_1_252' title='bbox 2227 2081 2729 2166; x_wconf 80' lang='lat' dir='ltr'><strong>respicientibus.</strong></span> 
     </span>
    </p>
   </div>
   <div class='ocr_carea' id='block_1_12' title="bbox 2038 2331 3435 2918">
    <p class='ocr_par' dir='ltr' id='par_1_12' title="bbox 2038 2331 3435 2918">
     <span class='ocr_line' id='line_1_47' title="bbox 2131 2331 3433 2420; baseline 0.004 -23"><span class='ocrx_word' id='word_1_253' title='bbox 2131 2331 2371 2417; x_wconf 83' lang='lat' dir='ltr'><strong>Utique</strong></span> <span class='ocrx_word' id='word_1_254' title='bbox 2416 2333 2538 2400; x_wconf 91' lang='lat' dir='ltr'><strong>hoc</strong></span> <span class='ocrx_word' id='word_1_255' title='bbox 2588 2354 2971 2420; x_wconf 82' lang='lat' dir='ltr'><strong>magnopere</strong></span> <span class='ocrx_word' id='word_1_256' title='bbox 3018 2335 3433 2402; x_wconf 85' lang='lat' dir='ltr'><strong>confidenter-</strong></span> 
     </span>
     <span class='ocr_line' id='line_1_48' title="bbox 2038 2458 3434 2546; baseline 0.004 -24"><span class='ocrx_word' id='word_1_257' title='bbox 2038 2479 2164 2541; x_wconf 88' lang='lat' dir='ltr'><strong>que</strong></span> <span class='ocrx_word' id='word_1_258' title='bbox 2210 2480 2249 2523; x_wconf 89' lang='lat' dir='ltr'><strong>a</strong></span> <span class='ocrx_word' id='word_1_259' title='bbox 2279 2458 2461 2524; x_wconf 82' lang='lat' dir='ltr'><strong>vobis</strong></span> <span class='ocrx_word' id='word_1_260' title='bbox 2502 2481 2847 2544; x_wconf 84' lang='lat' dir='ltr'><strong>speramus,</strong></span> <span class='ocrx_word' id='word_1_261' title='bbox 2881 2482 2998 2544; x_wconf 89' lang='lat' dir='ltr'><strong>per</strong></span> <span class='ocrx_word' id='word_1_262' title='bbox 3030 2482 3215 2527; x_wconf 88' lang='lat' dir='ltr'><strong>omne</strong></span> <span class='ocrx_word' id='word_1_263' title='bbox 3258 2467 3434 2546; x_wconf 86' lang='lat' dir='ltr'><strong>post-</strong></span> 
     </span>
     <span class='ocr_line' id='line_1_49' title="bbox 2038 2584 3433 2672; baseline 0.003 -24"><span class='ocrx_word' id='word_1_264' title='bbox 2038 2584 2188 2650; x_wconf 85' lang='lat' dir='ltr'><strong>hinc</strong></span> <span class='ocrx_word' id='word_1_265' title='bbox 2235 2587 2487 2669; x_wconf 87' lang='lat' dir='ltr'><strong>tempus</strong></span> <span class='ocrx_word' id='word_1_266' title='bbox 2508 2635 2525 2666; x_wconf 90' lang='lat'><strong>,</strong></span> <span class='ocrx_word' id='word_1_267' title='bbox 2572 2585 2627 2650; x_wconf 92' lang='lat' dir='ltr'><strong>si</strong></span> <span class='ocrx_word' id='word_1_268' title='bbox 2671 2584 2823 2670; x_wconf 90' lang='lat' dir='ltr'><strong>quid</strong></span> <span class='ocrx_word' id='word_1_269' title='bbox 2884 2589 3054 2652; x_wconf 88' lang='lat' dir='ltr'><strong>certe</strong></span> <span class='ocrx_word' id='word_1_270' title='bbox 3101 2585 3433 2672; x_wconf 81' lang='lat' dir='ltr'><strong>egregium</strong></span> 
     </span>
     <span class='ocr_line' id='line_1_50' title="bbox 2041 2707 3435 2795; baseline 0.004 -23"><span class='ocrx_word' id='word_1_271' title='bbox 2041 2707 2305 2792; x_wconf 88' lang='lat' dir='ltr'><strong>Deoque</strong></span> <span class='ocrx_word' id='word_1_272' title='bbox 2360 2713 2427 2774; x_wconf 89' lang='lat' dir='ltr'><strong>et</strong></span> <span class='ocrx_word' id='word_1_273' title='bbox 2455 2709 2459 2714; x_wconf 81' lang='grc'><strong>’</strong></span> <span class='ocrx_word' id='word_1_274' title='bbox 2487 2709 2851 2776; x_wconf 88' lang='lat' dir='ltr'><strong>hominibus</strong></span> <span class='ocrx_word' id='word_1_275' title='bbox 2912 2710 3305 2795; x_wconf 85' lang='lat' dir='ltr'><strong>acceptabile</strong></span> <span class='ocrx_word' id='word_1_276' title='bbox 3366 2717 3435 2777; x_wconf 88' lang='lat' dir='ltr'><strong>et</strong></span> 
     </span>
     <span class='ocr_line' id='line_1_51' title="bbox 2045 2833 2954 2918; baseline 0.002 -18"><span class='ocrx_word' id='word_1_277' title='bbox 2045 2837 2308 2918; x_wconf 80' lang='lat' dir='ltr'><strong>gratum</strong></span> <span class='ocrx_word' id='word_1_278' title='bbox 2354 2833 2561 2900; x_wconf 84' lang='lat' dir='ltr'><strong>facere</strong></span> <span class='ocrx_word' id='word_1_279' title='bbox 2604 2834 2954 2902; x_wconf 81' lang='lat' dir='ltr'><strong>volueritis.</strong></span> 
     </span>
    </p>
   </div>
   <div class='ocr_carea' id='block_1_13' title="bbox 1975 3085 3261 3168">
    <p class='ocr_par' dir='ltr' id='par_1_13' title="bbox 1975 3085 3261 3168">
     <span class='ocr_line' id='line_1_52' title="bbox 1975 3085 3261 3168; baseline 0.005 -18"><span class='ocrx_word' id='word_1_280' title='bbox 1975 3085 2463 3152; x_wconf 77' lang='lat' dir='ltr'><strong>aemulationem</strong></span> <span class='ocrx_word' id='word_1_281' title='bbox 2510 3087 2960 3168; x_wconf 78' lang='lat' dir='ltr'><strong>capessendam</strong></span> <span class='ocrx_word' id='word_1_282' title='bbox 3007 3089 3261 3156; x_wconf 77' lang='lat' dir='ltr'><strong>excitat.</strong></span> 
     </span>
    </p>
   </div>
   <div class='ocr_carea' id='block_1_14' title="bbox 2041 3338 3497 5297">
    <p class='ocr_par' dir='ltr' id='par_1_14' title="bbox 2041 3338 3497 5297">
     <span class='ocr_line' id='line_1_53' title="bbox 2137 3338 3432 3429; baseline 0.003 -28"><span class='ocrx_word' id='word_1_283' title='bbox 2137 3338 2238 3402; x_wconf 88' lang='lat'><strong>14.</strong></span> <span class='ocrx_word' id='word_1_284' title='bbox 2288 3338 2365 3403; x_wconf 92' lang='lat' dir='ltr'><strong>In</strong></span> <span class='ocrx_word' id='word_1_285' title='bbox 2409 3340 2741 3429; x_wconf 25' lang='lat' dir='ltr'><strong>praesenti·</strong></span> <span class='ocrx_word' id='word_1_286' title='bbox 2773 3344 2987 3407; x_wconf 87' lang='lat' dir='ltr'><strong>autem</strong></span> <span class='ocrx_word' id='word_1_287' title='bbox 3032 3344 3215 3407; x_wconf 85' lang='lat' dir='ltr'><strong>tanta</strong></span> <span class='ocrx_word' id='word_1_288' title='bbox 3252 3340 3432 3406; x_wconf 81' lang='lat' dir='ltr'><strong>vobis</strong></span> 
     </span>
     <span class='ocr_line' id='line_1_54' title="bbox 2041 3464 3431 3549; baseline 0.002 -21"><span class='ocrx_word' id='word_1_289' title='bbox 2041 3468 2300 3547; x_wconf 88' lang='lat' dir='ltr'><strong>praeter</strong></span> <span class='ocrx_word' id='word_1_290' title='bbox 2345 3486 2525 3549; x_wconf 89' lang='lat' dir='ltr'><strong>spem</strong></span> <span class='ocrx_word' id='word_1_291' title='bbox 2583 3464 2895 3532; x_wconf 85' lang='lat' dir='ltr'><strong>felicitate</strong></span> <span class='ocrx_word' id='word_1_292' title='bbox 2955 3466 3181 3533; x_wconf 87' lang='lat' dir='ltr'><strong>oborta</strong></span> <span class='ocrx_word' id='word_1_293' title='bbox 3196 3516 3214 3545; x_wconf 93' lang='lat'><strong>,</strong></span> <span class='ocrx_word' id='word_1_294' title='bbox 3260 3466 3431 3531; x_wconf 88' lang='lat' dir='ltr'><strong>omni</strong></span> 
     </span>
     <span class='ocr_line' id='line_1_55' title="bbox 2044 3590 3432 3676; baseline 0 -21"><span class='ocrx_word' id='word_1_295' title='bbox 2044 3590 2324 3656; x_wconf 88' lang='lat' dir='ltr'><strong>discusso</strong></span> <span class='ocrx_word' id='word_1_296' title='bbox 2367 3594 2649 3675; x_wconf 89' lang='lat' dir='ltr'><strong>torpore,</strong></span> <span class='ocrx_word' id='word_1_297' title='bbox 2692 3613 2895 3676; x_wconf 89' lang='lat' dir='ltr'><strong>neque</strong></span> <span class='ocrx_word' id='word_1_298' title='bbox 2940 3590 3177 3656; x_wconf 75' lang='lat' dir='ltr'><strong>diutius</strong></span> <span class='ocrx_word' id='word_1_299' title='bbox 3210 3590 3292 3656; x_wconf 91' lang='lat' dir='ltr'><strong>ob</strong></span> <span class='ocrx_word' id='word_1_300' title='bbox 3336 3592 3432 3656; x_wconf 90' lang='lat' dir='ltr'><strong>rei</strong></span> 
     </span>
     <span class='ocr_line' id='line_1_56' title="bbox 2044 3714 3497 3795; baseline 0.001 -15"><span class='ocrx_word' id='word_1_301' title='bbox 2044 3714 2486 3780; x_wconf 85' lang='lat' dir='ltr'><strong>difficultatem</strong></span> <span class='ocrx_word' id='word_1_302' title='bbox 2516 3716 2888 3795; x_wconf 75' lang='lat' dir='ltr'><strong>titubanteS,</strong></span> <span class='ocrx_word' id='word_1_303' title='bbox 2920 3737 3039 3781; x_wconf 90' lang='lat' dir='ltr'><strong>nec</strong></span> <span class='ocrx_word' id='word_1_304' title='bbox 3069 3714 3267 3781; x_wconf 83' lang='lat' dir='ltr'><strong>veluti</strong></span> <span class='ocrx_word' id='word_1_305' title='bbox 3300 3738 3434 3781; x_wconf 86' lang='lat' dir='ltr'><strong>rem</strong></span> <span class='ocrx_word' id='word_1_306' title='bbox 3485 3742 3497 3751; x_wconf 82' lang='grc'><strong>··</strong></span> 
     </span>
     <span class='ocr_line' id='line_1_57' title="bbox 2048 3838 3433 3925; baseline 0.003 -22"><span class='ocrx_word' id='word_1_307' title='bbox 2048 3838 2234 3923; x_wconf 87' lang='lat' dir='ltr'><strong>plane</strong></span> <span class='ocrx_word' id='word_1_308' title='bbox 2257 3840 2619 3905; x_wconf 83' lang='lat' dir='ltr'><strong>mendosam</strong></span> <span class='ocrx_word' id='word_1_309' title='bbox 2638 3842 2749 3905; x_wconf 86' lang='lat' dir='ltr'><strong>aut</strong></span> <span class='ocrx_word' id='word_1_310' title='bbox 2772 3860 2963 3925; x_wconf 81' lang='lat' dir='ltr'><strong>aegre</strong></span> <span class='ocrx_word' id='word_1_311' title='bbox 2980 3840 3433 3907; x_wconf 85' lang='lat' dir='ltr'><strong>emendandam</strong></span> 
     </span>
     <span class='ocr_line' id='line_1_58' title="bbox 2049 3962 3432 4031; baseline 0 -2"><span class='ocrx_word' id='word_1_312' title='bbox 2049 3962 2213 4030; x_wconf 85' lang='lat' dir='ltr'><strong>hanc</strong></span> <span class='ocrx_word' id='word_1_313' title='bbox 2257 3963 2715 4029; x_wconf 86' lang='lat' dir='ltr'><strong>divinissimam</strong></span> <span class='ocrx_word' id='word_1_314' title='bbox 2762 3969 2828 4030; x_wconf 92' lang='lat' dir='ltr'><strong>et</strong></span> <span class='ocrx_word' id='word_1_315' title='bbox 2874 3965 3217 4031; x_wconf 84' lang='lat' dir='ltr'><strong>maximam</strong></span> <span class='ocrx_word' id='word_1_316' title='bbox 3248 3965 3432 4031; x_wconf 89' lang='lat' dir='ltr'><strong>disci-</strong></span> 
     </span>
     <span class='ocr_line' id='line_1_59' title="bbox 2046 4087 3432 4175; baseline 0.002 -22"><span class='ocrx_word' id='word_1_317' title='bbox 2046 4087 2291 4172; x_wconf 85' lang='lat' dir='ltr'><strong>plinam</strong></span> <span class='ocrx_word' id='word_1_318' title='bbox 2350 4090 2650 4175; x_wconf 88' lang='lat' dir='ltr'><strong>consequi</strong></span> <span class='ocrx_word' id='word_1_319' title='bbox 2711 4089 3117 4175; x_wconf 85' lang='lat' dir='ltr'><strong>desperantes</strong></span> <span class='ocrx_word' id='word_1_320' title='bbox 3137 4140 3154 4170; x_wconf 90' lang='lat'><strong>,</strong></span> <span class='ocrx_word' id='word_1_321' title='bbox 3217 4090 3432 4156; x_wconf 89' lang='lat' dir='ltr'><strong>sobrio</strong></span> 
     </span>
     <span class='ocr_line' id='line_1_60' title="bbox 2047 4212 3439 4299; baseline 0.002 -22"><span class='ocrx_word' id='word_1_322' title='bbox 2047 4212 2325 4295; x_wconf 88' lang='lat' dir='ltr'><strong>quodam</strong></span> <span class='ocrx_word' id='word_1_323' title='bbox 2370 4213 2674 4279; x_wconf 88' lang='lat' dir='ltr'><strong>instinctu</strong></span> <span class='ocrx_word' id='word_1_324' title='bbox 2730 4218 2795 4279; x_wconf 89' lang='lat' dir='ltr'><strong>et</strong></span> <span class='ocrx_word' id='word_1_325' title='bbox 2855 4214 3135 4299; x_wconf 88' lang='lat' dir='ltr'><strong>impetu,</strong></span> <span class='ocrx_word' id='word_1_326' title='bbox 3199 4219 3273 4280; x_wconf 91' lang='lat' dir='ltr'><strong>ut</strong></span> <span class='ocrx_word' id='word_1_327' title='bbox 3333 4222 3439 4280; x_wconf 80' lang='lat' dir='ltr'><strong>ve-</strong></span> 
     </span>
     <span class='ocr_line' id='line_1_61' title="bbox 2045 4336 3441 4422; baseline 0.001 -21"><span class='ocrx_word' id='word_1_328' title='bbox 2045 4341 2326 4403; x_wconf 80' lang='lat' dir='ltr'><strong>strorum</strong></span> <span class='ocrx_word' id='word_1_329' title='bbox 2342 4336 2737 4422; x_wconf 86' lang='lat' dir='ltr'><strong>Sapientium</strong></span> <span class='ocrx_word' id='word_1_330' title='bbox 2759 4338 2972 4404; x_wconf 88' lang='lat' dir='ltr'><strong>verbis</strong></span> <span class='ocrx_word' id='word_1_331' title='bbox 2996 4342 3163 4419; x_wconf 88' lang='lat' dir='ltr'><strong>utar,</strong></span> <span class='ocrx_word' id='word_1_332' title='bbox 3180 4338 3261 4405; x_wconf 88' lang='lat' dir='ltr'><strong>ad</strong></span> <span class='ocrx_word' id='word_1_333' title='bbox 3276 4337 3441 4404; x_wconf 85' lang='lat' dir='ltr'><strong>hauc</strong></span> 
     </span>
     <span class='ocr_line' id='line_1_62' title="bbox 2048 4461 3441 4548; baseline 0.001 -21"><span class='ocrx_word' id='word_1_334' title='bbox 2048 4461 2449 4547; x_wconf 85' lang='lat' dir='ltr'><strong>disciplinam</strong></span> <span class='ocrx_word' id='word_1_335' title='bbox 2496 4462 2723 4548; x_wconf 88' lang='lat' dir='ltr'><strong>perciti</strong></span> <span class='ocrx_word' id='word_1_336' title='bbox 2760 4463 2957 4529; x_wconf 86' lang='lat' dir='ltr'><strong>ruite:</strong></span> <span class='ocrx_word' id='word_1_337' title='bbox 3008 4468 3074 4527; x_wconf 88' lang='lat' dir='ltr'><strong>et</strong></span> <span class='ocrx_word' id='word_1_338' title='bbox 3118 4462 3441 4528; x_wconf 86' lang='lat' dir='ltr'><strong>absurdis-</strong></span> 
     </span>
     <span class='ocr_line' id='line_1_63' title="bbox 2047 4586 3441 4669; baseline -0.001 -17"><span class='ocrx_word' id='word_1_339' title='bbox 2047 4587 2276 4653; x_wconf 89' lang='lat' dir='ltr'><strong>simum</strong></span> <span class='ocrx_word' id='word_1_340' title='bbox 2310 4588 2691 4669; x_wconf 84' lang='lat' dir='ltr'><strong>existimate,</strong></span> <span class='ocrx_word' id='word_1_341' title='bbox 2723 4588 2778 4653; x_wconf 87' lang='lat' dir='ltr'><strong>si</strong></span> <span class='ocrx_word' id='word_1_342' title='bbox 2808 4610 2953 4654; x_wconf 89' lang='lat' dir='ltr'><strong>cum</strong></span> <span class='ocrx_word' id='word_1_343' title='bbox 2984 4586 3138 4653; x_wconf 88' lang='lat' dir='ltr'><strong>olim</strong></span> <span class='ocrx_word' id='word_1_344' title='bbox 3174 4586 3441 4653; x_wconf 87' lang='lat' dir='ltr'><strong>studiosi</strong></span> 
     </span>
     <span class='ocr_line' id='line_1_64' title="bbox 2046 4708 3440 4798; baseline 0 -21"><span class='ocrx_word' id='word_1_345' title='bbox 2046 4712 2268 4798; x_wconf 86' lang='lat' dir='ltr'><strong>legum</strong></span> <span class='ocrx_word' id='word_1_346' title='bbox 2316 4708 2628 4785; x_wconf 87' lang='lat' dir='ltr'><strong>amatores</strong></span> <span class='ocrx_word' id='word_1_347' title='bbox 2673 4712 3055 4797; x_wconf 79' lang='lat' dir='ltr'><strong>longinquas</strong></span> <span class='ocrx_word' id='word_1_348' title='bbox 3100 4712 3193 4777; x_wconf 88' lang='lat' dir='ltr'><strong>rei</strong></span> <span class='ocrx_word' id='word_1_349' title='bbox 3252 4711 3440 4777; x_wconf 82' lang='lat' dir='ltr'><strong>huius</strong></span> 
     </span>
     <span class='ocr_line' id='line_1_65' title="bbox 2047 4836 3441 4922; baseline -0.001 -19"><span class='ocrx_word' id='word_1_350' title='bbox 2047 4860 2237 4903; x_wconf 87' lang='lat' dir='ltr'><strong>causa</strong></span> <span class='ocrx_word' id='word_1_351' title='bbox 2282 4836 2832 4922; x_wconf 81' lang='lat' dir='ltr'><strong>peregrinationes</strong></span> <span class='ocrx_word' id='word_1_352' title='bbox 2894 4836 3307 4921; x_wconf 79' lang='lat' dir='ltr'><strong>susceperint,</strong></span> <span class='ocrx_word' id='word_1_353' title='bbox 3376 4842 3441 4902; x_wconf 91' lang='lat' dir='ltr'><strong>et</strong></span> 
     </span>
     <span class='ocr_line' id='line_1_66' title="bbox 2051 4934 3433 5047; baseline -0.001 -21"><span class='ocrx_word' id='word_1_354' title='bbox 2051 4962 2160 5027; x_wconf 90' lang='lat' dir='ltr'><strong>alii</strong></span> <span class='ocrx_word' id='word_1_355' title='bbox 2185 4962 2442 5047; x_wconf 89' lang='lat' dir='ltr'><strong>quidem</strong></span> <span class='ocrx_word' id='word_1_356' title='bbox 2468 4963 2548 5028; x_wconf 91' lang='lat' dir='ltr'><strong>ad</strong></span> <span class='ocrx_word' id='word_1_357' title='bbox 2571 4934 2881 5029; x_wconf 86' lang='lat' dir='ltr'><strong>seniorem</strong></span> <span class='ocrx_word' id='word_1_358' title='bbox 2904 4960 3153 5027; x_wconf 86' lang='lat' dir='ltr'><strong>Roman</strong></span> <span class='ocrx_word' id='word_1_359' title='bbox 3178 4961 3433 5041; x_wconf 86' lang='lat' dir='ltr'><strong>iverint,</strong></span> 
     </span>
     <span class='ocr_line' id='line_1_67' title="bbox 2049 5084 3433 5170; baseline -0.003 -17"><span class='ocrx_word' id='word_1_360' title='bbox 2049 5086 2500 5153; x_wconf 87' lang='lat' dir='ltr'><strong>audiendarum</strong></span> <span class='ocrx_word' id='word_1_361' title='bbox 2543 5087 2679 5152; x_wconf 88' lang='lat' dir='ltr'><strong>illic</strong></span> <span class='ocrx_word' id='word_1_362' title='bbox 2722 5086 3157 5152; x_wconf 83' lang='lat' dir='ltr'><strong>Romanarum</strong></span> <span class='ocrx_word' id='word_1_363' title='bbox 3211 5084 3433 5170; x_wconf 82' lang='lat' dir='ltr'><strong>legum</strong></span> 
     </span>
     <span class='ocr_line' id='line_1_68' title="bbox 2049 5209 3439 5297; baseline -0.001 -20"><span class='ocrx_word' id='word_1_364' title='bbox 2049 5212 2279 5297; x_wconf 84' lang='lat' dir='ltr'><strong>gratia,</strong></span> <span class='ocrx_word' id='word_1_365' title='bbox 2329 5211 2436 5276; x_wconf 88' lang='lat' dir='ltr'><strong>alii</strong></span> <span class='ocrx_word' id='word_1_366' title='bbox 2485 5216 2699 5277; x_wconf 86' lang='lat' dir='ltr'><strong>autem</strong></span> <span class='ocrx_word' id='word_1_367' title='bbox 2740 5209 3052 5296; x_wconf 79' lang='lat' dir='ltr'><strong>Berytum</strong></span> <span class='ocrx_word' id='word_1_368' title='bbox 3096 5232 3167 5275; x_wconf 87' lang='lat' dir='ltr'><strong>se</strong></span> <span class='ocrx_word' id='word_1_369' title='bbox 3216 5214 3439 5275; x_wconf 85' lang='lat' dir='ltr'><strong>contu·-</strong></span> 
     </span>
    </p>
   </div>
   <div class='ocr_carea' id='block_1_15' title="bbox 547 5399 3445 5743">
    <p class='ocr_par' dir='ltr' id='par_1_15' title="bbox 547 5399 3445 5743">
     <span class='ocr_line' id='line_1_69' title="bbox 674 5399 3443 5478; baseline -0.003 -19"><span class='ocrx_word' id='word_1_370' title='bbox 674 5404 712 5453; x_wconf 85' lang='lat'><strong>.¹</strong></span> <span class='ocrx_word' id='word_1_371' title='bbox 751 5402 982 5459; x_wconf 84' lang='lat' dir='ltr'><strong>Codicis</strong></span> <span class='ocrx_word' id='word_1_372' title='bbox 1019 5405 1260 5477; x_wconf 86' lang='lat' dir='ltr'><strong>pagella</strong></span> <span class='ocrx_word' id='word_1_373' title='bbox 1282 5404 1475 5478; x_wconf 86' lang='lat' dir='ltr'><strong>prima</strong></span> <span class='ocrx_word' id='word_1_374' title='bbox 1510 5404 1638 5461; x_wconf 85' lang='lat' dir='ltr'><strong>folii</strong></span> <span class='ocrx_word' id='word_1_375' title='bbox 1673 5406 1780 5460; x_wconf 78' lang='lat'><strong>291</strong></span> <span class='ocrx_word' id='word_1_376' title='bbox 1818 5408 1881 5460; x_wconf 89' lang='lat' dir='ltr'><strong>et</strong></span> <span class='ocrx_word' id='word_1_377' title='bbox 1915 5408 2060 5460; x_wconf 86' lang='lat' dir='ltr'><strong>nota</strong></span> <span class='ocrx_word' id='word_1_378' title='bbox 2095 5402 2403 5459; x_wconf 81' lang='lat' dir='ltr'><strong>numerica</strong></span> <span class='ocrx_word' id='word_1_379' title='bbox 2434 5404 2517 5459; x_wconf 72' lang='grc' dir='ltr'><strong>λη’</strong></span> <span class='ocrx_word' id='word_1_380' title='bbox 2542 5402 2615 5457; x_wconf 87' lang='grc'><strong>38</strong></span> <span class='ocrx_word' id='word_1_381' title='bbox 2653 5402 2817 5475; x_wconf 81' lang='lat' dir='ltr'><strong>scapi</strong></span> <span class='ocrx_word' id='word_1_382' title='bbox 2852 5402 2918 5459; x_wconf 85' lang='lat' dir='ltr'><strong>in</strong></span> <span class='ocrx_word' id='word_1_383' title='bbox 2940 5402 3061 5457; x_wconf 86' lang='lat' dir='ltr'><strong>imo</strong></span> <span class='ocrx_word' id='word_1_384' title='bbox 3086 5399 3368 5471; x_wconf 84' lang='lat' dir='ltr'><strong>margine.</strong></span> <span class='ocrx_word' id='word_1_385' title='bbox 3408 5430 3443 5441; x_wconf 89' lang='lat'>-</span> 
     </span>
     <span class='ocr_line' id='line_1_70' title="bbox 550 5490 3445 5564; baseline -0 -20"><span class='ocrx_word' id='word_1_386' title='bbox 550 5492 574 5527; x_wconf 80' lang='lat'><strong>²</strong></span> <span class='ocrx_word' id='word_1_387' title='bbox 609 5490 732 5545; x_wconf 84' lang='lat' dir='ltr'><strong>Mai</strong></span> <span class='ocrx_word' id='word_1_388' title='bbox 771 5491 996 5548; x_wconf 83' lang='lat' dir='ltr'><strong>omittit</strong></span> <span class='ocrx_word' id='word_1_389' title='bbox 1032 5492 1218 5548; x_wconf 89' lang='lat' dir='ltr'><strong>verba</strong></span> <span class='ocrx_word' id='word_1_390' title='bbox 1257 5496 1322 5554; x_wconf 81' lang='grc' dir='ltr'>ὥς</span> <span class='ocrx_word' id='word_1_391' title='bbox 1361 5494 1420 5546; x_wconf 74' lang='grc' dir='ltr'>ἂν</span> <span class='ocrx_word' id='word_1_392' title='bbox 1458 5499 1568 5553; x_wconf 79' lang='grc' dir='ltr'>ταῖς</span> <span class='ocrx_word' id='word_1_393' title='bbox 1607 5494 1658 5555; x_wconf 80' lang='grc' dir='ltr'><strong>ἐξ</strong></span> <span class='ocrx_word' id='word_1_394' title='bbox 1694 5496 1831 5563; x_wconf 67' lang='grc' dir='ltr'>ὑμῶν</span> <span class='ocrx_word' id='word_1_395' title='bbox 1871 5494 2243 5564; x_wconf 72' lang='grc' dir='ltr'>συγκροτήσεσι.</span> <span class='ocrx_word' id='word_1_396' title='bbox 2278 5522 2319 5535; x_wconf 86' lang='grc'><strong>-</strong></span> <span class='ocrx_word' id='word_1_397' title='bbox 2354 5494 2378 5530; x_wconf 80' lang='lat'>³</span> <span class='ocrx_word' id='word_1_398' title='bbox 2412 5490 2720 5548; x_wconf 83' lang='lat' dir='ltr'><strong>Versionis</strong></span> <span class='ocrx_word' id='word_1_399' title='bbox 2766 5490 2986 5547; x_wconf 85' lang='lat' dir='ltr'><strong>latinae</strong></span> <span class='ocrx_word' id='word_1_400' title='bbox 3036 5490 3249 5549; x_wconf 84' lang='lat' dir='ltr'><strong>folium</strong></span> <span class='ocrx_word' id='word_1_401' title='bbox 3286 5490 3371 5545; x_wconf 86' lang='lat'><strong>18.</strong></span> <span class='ocrx_word' id='word_1_402' title='bbox 3406 5520 3445 5531; x_wconf 98' lang='lat'>-</span> 
     </span>
     <span class='ocr_line' id='line_1_71' title="bbox 547 5579 3445 5654; baseline -0 -21"><span class='ocrx_word' id='word_1_403' title='bbox 547 5582 574 5615; x_wconf 84' lang='lat'><strong>⁴</strong></span> <span class='ocrx_word' id='word_1_404' title='bbox 609 5579 744 5636; x_wconf 89' lang='lat' dir='ltr'><strong>Duo</strong></span> <span class='ocrx_word' id='word_1_405' title='bbox 779 5581 965 5637; x_wconf 82' lang='lat' dir='ltr'><strong>verba</strong></span> <span class='ocrx_word' id='word_1_406' title='bbox 1000 5580 1066 5637; x_wconf 89' lang='lat' dir='ltr'><strong>in</strong></span> <span class='ocrx_word' id='word_1_407' title='bbox 1102 5581 1376 5638; x_wconf 87' lang='lat' dir='ltr'><strong>versione</strong></span> <span class='ocrx_word' id='word_1_408' title='bbox 1417 5588 1560 5637; x_wconf 86' lang='lat' dir='ltr'><strong>sunt</strong></span> <span class='ocrx_word' id='word_1_409' title='bbox 1597 5581 1881 5654; x_wconf 85' lang='lat' dir='ltr'><strong>apposita.</strong></span> <span class='ocrx_word' id='word_1_410' title='bbox 1907 5612 1946 5625; x_wconf 90' lang='lat'><em>-</em></span> <span class='ocrx_word' id='word_1_411' title='bbox 1976 5584 2000 5619; x_wconf 84' lang='lat'>⁵</span> <span class='ocrx_word' id='word_1_412' title='bbox 2023 5581 2373 5654; x_wconf 85' lang='lat' dir='ltr'><strong>Apographi</strong></span> <span class='ocrx_word' id='word_1_413' title='bbox 2408 5581 2629 5637; x_wconf 85' lang='lat' dir='ltr'><strong>Maiani</strong></span> <span class='ocrx_word' id='word_1_414' title='bbox 2666 5580 2870 5653; x_wconf 79' lang='lat' dir='ltr'><strong>graeci</strong></span> <span class='ocrx_word' id='word_1_415' title='bbox 2904 5585 3110 5636; x_wconf 84' lang='lat' dir='ltr'><strong>textus</strong></span> <span class='ocrx_word' id='word_1_416' title='bbox 3146 5580 3244 5637; x_wconf 82' lang='lat' dir='ltr'><strong>fol.</strong></span> <span class='ocrx_word' id='word_1_417' title='bbox 3287 5580 3369 5635; x_wconf 88' lang='lat'><strong>19.</strong></span> <span class='ocrx_word' id='word_1_418' title='bbox 3406 5609 3445 5620; x_wconf 94' lang='lat'><em>-</em></span> 
     </span>
     <span class='ocr_line' id='line_1_72' title="bbox 549 5666 3156 5743; baseline 0 -20"><span class='ocrx_word' id='word_1_419' title='bbox 549 5669 572 5704; x_wconf 66' lang='grc' dir='ltr'>ὅ</span> <span class='ocrx_word' id='word_1_420' title='bbox 611 5666 904 5725; x_wconf 83' lang='lat' dir='ltr'><strong>Editionis</strong></span> <span class='ocrx_word' id='word_1_421' title='bbox 931 5670 1344 5742; x_wconf 81' lang='lat' dir='ltr'><strong>Gottingensis</strong></span> <span class='ocrx_word' id='word_1_422' title='bbox 1383 5672 1796 5743; x_wconf 77' lang='lat' dir='ltr'><strong>paragraphus</strong></span> <span class='ocrx_word' id='word_1_423' title='bbox 1831 5672 1920 5727; x_wconf 84' lang='lat'><strong>24.</strong></span> <span class='ocrx_word' id='word_1_424' title='bbox 1958 5702 1997 5713; x_wconf 93' lang='lat'>-</span> <span class='ocrx_word' id='word_1_425' title='bbox 2031 5670 2055 5706; x_wconf 82' lang='lat'>⁷</span> <span class='ocrx_word' id='word_1_426' title='bbox 2093 5670 2327 5727; x_wconf 82' lang='lat' dir='ltr'><strong>Codicis</strong></span> <span class='ocrx_word' id='word_1_427' title='bbox 2364 5671 2604 5743; x_wconf 82' lang='lat' dir='ltr'><strong>pagella</strong></span> <span class='ocrx_word' id='word_1_428' title='bbox 2642 5670 2834 5726; x_wconf 73' lang='lat' dir='ltr'><strong>altera</strong></span> <span class='ocrx_word' id='word_1_429' title='bbox 2868 5668 2998 5725; x_wconf 84' lang='lat' dir='ltr'><strong>folii</strong></span> <span class='ocrx_word' id='word_1_430' title='bbox 3032 5669 3156 5725; x_wconf 85' lang='grc'><strong>291.</strong></span> 
     </span>
    </p>
   </div>
   <div class='ocr_carea' id='block_1_16' title="bbox 3111 5797 3149 5847">
    <p class='ocr_par' dir='ltr' id='par_1_16' title="bbox 3111 5797 3149 5847">
     <span class='ocr_line' id='line_1_73' title="bbox 3111 5797 3149 5847; baseline 0 0"><span class='ocrx_word' id='word_1_431' title='bbox 3111 5797 3149 5847; x_wconf 82' lang='grc'>4</span> 
     </span>
    </p>
   </div>
  </div>
 </body>
</html>
