4573 6666
1369 1063 1500 1138 DE
1559 1063 1898 1139 LEGUM
1957 1063 2399 1140 GUSTODE

745 1227 877 1300 ΕΤ
961 1225 1572 1300 ΑΤΗΕΝΑΕΟ
1642 1193 3027 1302 'CONSTANTINOPOLITANO

939 1396 1278 1445 DEORETUM
1317 1395 1436 1444 SEU
1475 1395 1764 1444 NOVELLA
1803 1395 1939 1444 lm’.
1981 1394 2404 1444 CONSTANTINI
2443 1394 2827 1444 MONOMAGHI

581 1537 933 1588 DESCRIPTA
988 1539 1028 1586 A
1083 1538 1324 1587 IOANNE
1380 1537 1803 1588 EUGHAITENSI
1858 1538 1936 1586 ΕΤ
1993 1537 2074 1585 AB
2129 1539 2192 1585 A.
2253 1537 2442 1588 CARI).
2500 1539 2619 1586 MAI
2674 1538 2905 1586 LATJNE
2960 1539 3189 1587 VERSA.

1673 2058 2104 2127 MONI'I'UM

608 2299 992 2432 Religiosa
1043 2358 1279 2408 manu
1331 2357 1445 2426 ea,
1505 2356 1702 2430 quae
1757 2337 2192 2430 supersunt,
2233 2333 2511 2429 Angeli
2547 2333 2701 2408 Mai
2740 2332 2886 2408 viri
2924 2336 3097 2406 tum
3152 2332 3329 2407 doc-

448 2482 658 2556 trina
695 2485 867 2554 tum
905 2479 1282 2575 dignitate
1321 2477 1900 2551 eminentissimi
1938 2477 2222 2572 scripta
2249 2476 2789 2572 perscrutanti,
2828 2478 2915 2548 ut
2940 2476 3329 2570 inceptum

454 2625 614 2699 eius
653 2645 1020 2718 magnum
1055 2623 1294 2696 Novae
1331 2623 1625 2694 Patr-um
1661 2620 2112 2694 Bibliothecae
2168 2621 2667 2708 absolverem,
2708 2620 3037 2692 occurrit
3084 2619 3331 2694 versio
3373 2625 3393 2680 “-

455 2765 684 2839 huius
740 2765 1043 2838 Decreti
1079 2787 1214 2839 seu
1248 2764 1620 2838 Novellae'
1654 2763 1746 2836 de
1795 2763 2321 2863 Nmnophylace,
2361 2764 2615 2857 legum
2657 2763 2969 2836 custode
3008 2763 3131 2838 vel
3168 2785 3329 2834 ma-

507 2910 696 2983 istro
752 2911 832 2982 in
887 2910 1078 2984 urbe
1136 2908 1985 3004 Constantinopolitana
2040 2910 2122 2979 et
2175 2905 2497 3001 imperio
2552 2906 3095 2980 Romaeorum.

614 3051 1160 3126 Constantinus
1213 3052 1758 3126 Monomachus
1811 3051 2230 3146 imperator
2283 3049 2532 3124 medio
2588 3049 2894 3123 saeculo
2930 3048 3042 3121 XI
3076 3049 3325 3145 legem
3424 3152 3433 3166 .
3510 3120 3521 3130 ,

269 3167 406 3264 Q-
457 3196 656 3270 hanc
707 3194 1035 3292 protulit
1072 3218 1302 3268 suasu
1359 3198 1446 3278 et
1497 3215 1682 3268 cura
1718 3194 2050 3285 Ioannis,
2093 3194 2225 3289 qui
2263 3196 2853 3289 cognominatus
2890 3196 3062 3280 erat
3116 3191 3332 3296 Mau-

312 3396 393 3438 &
454 3362 708 3435 ropus,
766 3340 1049 3433 quique
1103 3341 1182 3415 et
1237 3338 1561 3433 scriptor
1632 3338 1950 3433 insignis
2005 3341 2086 3411 et
2140 3337 2646 3411 sanctimonia
2720 3338 2967 3443 clarus
3040 3339 3322 3411 metro-

309 3454 392 3543 Ξ
458 3482 702 3576 polita
738 3481 890 3555 fuit
926 3461 1500 3573 Euchaitarum,
1543 3482 1743 3555 unde
1781 3480 1927 3576 ipsi
1964 3502 2241 3555 nomen
2279 3480 2809 3556 Euchaitensis
2858 3480 2941 3554 in
2987 3482 3331 3555 historiis

287 3578 408 3693 ἒξ·
459 3626 688 3699 sacris
726 3628 806 3698 et
842 3625 1240 3699 litterariis
1295 3624 1628 3698 inditum
1666 3628 1805 3699 est.
1855 3624 1931 3697 Is
1979 3646 2132 3698 non
2171 3623 2396 3697 modo
2434 3624 2765 3698 nobilem
2803 3622 3326 3727 huiuscemodi

459 3767 1029 3842 institutionem
1057 3767 1358 3840 scholae
1399 3788 1795 3862 supremae
1834 3767 2092 3861 legum
2129 3768 2211 3839 in
2249 3767 2438 3838 urbe
2470 3766 2807 3839 maxima
2833 3766 3328 3860 excogitavit,

463 3909 594 3985 sed
647 3913 726 3983 et
781 3910 940 4005 ipse
993 3907 1439 4004 imperatori
1476 3908 1763 3997 suasit3
1805 3912 1886 3983 et
1923 3908 2203 4000 sedem,
2245 3912 2327 3982 et
2365 3909 2851 4003 provisioneS,
2893 3913 2975 3983 et
3030 3932 3337 3983 normas

465 4056 545 4127 et
597 4052 1163 4142 bibliothecam,
1223 4054 1306 4124 et
1359 4052 1552 4141 iura,
1611 4073 1700 4126 ac
1753 4052 2083 4147 primum
2140 4052 2713 4143 Nomophylacem
2761 4053 3085 4129 fortasse
3140 4054 3336 4127 indi-

465 4196 694 4286 cavit,
751 4199 983 4290 atque
1039 4194 1346 4269 nomine
1402 4194 1638 4289 ipsius
1695 4195 2178 4290 imperatoris
2231 4197 2539 4269 textum
2612 4195 2799 4290 legis
2863 4196 3163 4273 erudite
3217 4197 3337 4269 lu-

470 4339 960 4433 culenterque
1016 4340 1390 4413 exaravit.
1471 4374 1476 4377 ·
2672 4424 2679 4431 ,

625 4482 786 4555 Hac
815 4481 908 4556 de
937 4504 1166 4556 causa
1193 4485 1454 4555 textus
1484 4480 1796 4554 huiusce
1823 4481 2010 4576 legis
2041 4485 2123 4555 et
2150 4480 2553 4576 descriptio
2584 4458 2926 4560 instituti
2955 4505 3129 4558 cum
3156 4484 3337 4558 huc-

469 4646 716 4719 usque
760 4624 962 4697 inter
1018 4623 1294 4719 legalia
1350 4624 1630 4717 scripta
1679 4622 2261 4714 desideraretur,
2309 4629 2655 4719 repertus
2694 4630 2815 4701 est
2870 4628 2949 4699 in
2988 4628 3341 4721 operibus

469 4766 776 4841 Ioannis
805 4766 1355 4841 Euchaitensis.
1393 4807 1486 4816 —
1520 4765 1685 4838 Etsi
1714 4767 1946 4839 variis
1974 4766 2054 4838 in
2085 4766 2270 4869 locis
2306 4768 2523 4841 varia
2558 4770 2839 4862 scripta
2867 4768 3171 4843 Ioannis
3210 4793 3341 4863 ap-

470 4909 888 5005 paruerint,
931 4913 1011 4982 et
1046 4909 1378 5005 plurima
1425 4930 1726 5004 quoque
1767 4907 1998 4997 edita,
2031 4913 2294 4982 tamen
2334 4911 2695 4985 volumen
2734 4934 2915 4985 sane
2955 4934 3342 5007 magnum,

472 5051 728 5125 omnia
781 5051 1108 5127 fortasse
1163 5073 1393 5147 opera
1447 5051 1609 5125 eius
1665 5050 2193 5146 complectenS,
2269 5054 2351 5126 et
2408 5052 2611 5148 quod
2676 5054 3169 5148 praecipuum
3226 5057 3345 5128 est

471 5199 634 5271 eius
673 5198 914 5271 aetati
943 5195 1187 5286 affine,
1217 5194 1515 5270 invenit
1544 5197 1625 5269 et
1659 5193 2059 5289 indagavit
2097 5193 2435 5290 Angelus
2472 5194 2626 5279 Mai
2664 5194 2744 5269 in
2782 5195 3032 5270 codice
3071 5218 3345 5290 graeco

469 5337 841 5413 Vaticano
897 5362 972 5413 n.
1018 5339 1197 5412 676.
1255 5337 1502 5411 Codex
1558 5337 1704 5413 iste
1758 5338 1839 5412 in
1893 5338 2465 5434 praestantibus
2502 5338 2963 5412 membranis
3004 5342 3085 5412 et
3120 5363 3339 5435 prae-

471 5480 856 5554 stantibus
909 5479 1498 5569 characteribus,
1540 5478 1833 5574 aliquot
1873 5479 2108 5553 etiam
2148 5478 2420 5567 aureis,
2477 5478 2807 5552 labentis
2865 5480 3147 5555 saeculi
3205 5454 3344 5553 un-

475 5624 747 5698 decimi
785 5625 1068 5720 scripta
1121 5625 1558 5719 complexus
1615 5628 1733 5698 est
1786 5624 2110 5700 Ioannes
2147 5623 2706 5712 Euchaitensis;
2759 5626 2838 5698 et
2875 5646 3049 5699 cum
3088 5626 3347 5721 aliqua

3032 5778 3063 5833 1
