4573 6666
1245 783 1330 851 16
2326 801 2418 849 nn
2462 800 2689 848 nnatm
2734 797 3037 848 cosroen

1239 1023 1273 1082 ὁ
1323 1022 1408 1093 εἰς
1461 1015 1704 1090 ταύτην
1767 1017 1865 1082 ἀεὶ
1916 1015 2086 1106 παρά
2145 1026 2260 1092 τῆς
2312 1017 2627 1100 βασιλείας
2735 1037 2947 1100 neque
3012 1015 3273 1080 aliunde
3328 1019 3604 1102 cogatur
3662 1015 3797 1081 hoo
3879 1018 3967 1078 et
4020 1010 4203 1074 illud

1239 1137 1816 1233 προχειριζόμενος,
1879 1143 1988 1207 καὶ
2051 1142 2134 1232 μὴ
2199 1141 2345 1230 παρ’
2403 1142 2627 1233 ἑτέρων
2736 1140 3031 1226 quotidie
3071 1137 3091 1174 ¹
3126 1145 3349 1225 petere
3384 1146 3451 1206 et
3482 1162 3875 1226 corrogare,
3916 1160 4079 1223 quo
4117 1138 4207 1201 ob

1241 1277 1450 1332 ταῦτα
1499 1258 1860 1346 δανείζοιτο·
1895 1291 1979 1356 μη
1991 1259 2057 1332 δὲ
2100 1269 2450 1362 πράγματα
2498 1273 2635 1362 ἔχοι
2740 1287 2922 1332 suam
2968 1269 3427 1350 paupertatem
3470 1265 3789 1351 indigeat.

1247 1390 1512 1458 ἄλλοθεν
1548 1392 1708 1458 ἄλλο
1755 1407 2113 1485 προσαιτεῖν
2157 1396 2265 1460 καί
2311 1397 2635 1489 συλλέγειν

1249 1519 1340 1610 ἐφ’
1392 1519 1666 1598 ἑκάστης
1731 1516 2255 1613 ἀναγκαζόμενος,
2319 1522 2391 1588 ἂν
2453 1525 2639 1601 αὐτὸς

1248 1647 1451 1737 τυχὸν
1499 1647 1740 1713 τούτων
1791 1650 2048 1738 ἀποροίη
2101 1639 2206 1714 8ιά
2249 1650 2485 1716 πενίαν.

1666 1901 1705 1986 g
1757 1903 1815 1969 7.
1861 1901 2178 1984 Honores,
2221 1905 2376 1971 iura
2420 1911 2481 1971 et
2525 1906 2853 1988 sapaudia
2896 1907 3391 1994 Nomophylacis
3434 1916 3729 1976 recenset.

1341 2144 1416 2230 ζ’.
1465 2155 1702 2217 Τοῦτον
1732 2147 1757 2184 ²
1805 2153 2010 2216 τοίνυν
2055 2145 2178 2230 ἕξει
2229 2153 2341 2218 τὸν
2389 2151 2639 2241 τρόπον,

1254 2274 1363 2340 καὶ
1409 2275 1573 2340 οὕτω
1619 2274 2000 2364 καλούμενος
2045 2281 2077 2340 ὁ
2133 2245 2642 2344 ΝΟΜΟῷΥΛΑΞ

1255 2391 1554 2489 διαμενεῖ·
1575 2401 1600 2442 ³
1631 2401 1935 2476 τοιούτοις
1961 2393 2029 2464 δὲ
2051 2402 2360 2490 χρήσεται
2385 2393 2642 2479 δικαίοις

1255 2529 1363 2592 καί
1405 2529 1775 2618 προνομίοις.
1811 2526 2331 2618 Ἐναριθμήσεται
2364 2528 2473 2617 μὲν
2514 2540 2643 2605 τοῖς

1258 2643 1702 2742 μεγαλοδόξοις
1750 2656 2212 2744 συγκλητικοῖς·
2255 2645 2377 2730 ἕξει
2424 2643 2494 2718 δὲ
2538 2654 2645 2718 καὶ

1259 2771 1562 2868 καθέδραν
1612 2775 1784 2854 εὐθὺς
1831 2777 1998 2866 μετά
2041 2779 2150 2843 τὸν
2201 2777 2303 2843 ἐπὶ
2348 2788 2473 2843 τῶν
2514 2780 2647 2868 κρί-

1260 2927 1433 2968 σεων·
1481 2897 1530 2986 ᾧ
1579 2901 1684 2966 καὶ
1729 2903 1876 2993 πρὸς
1929 2904 2004 2968 τὸ
2067 2903 2372 2994 ἡμέτερον
2420 2903 2645 2994 κράτος

1259 3026 1793 3092 συνεισελεύσεται
1844 3025 1984 3092 καθ’
2035 3025 2106 3104 ἃς
2151 3031 2433 3104 κάκεῖνος
2488 3027 2650 3116 ἡμέ-

1264 3175 1388 3241 ρας,
1422 3152 1530 3218 καὶ
1559 3163 1676 3229 τῆς
1707 3151 2016 3243 ἡμετέρας
2050 3153 2293 3241 ὁμιλίας
2325 3152 2431 3216 καὶ
2454 3149 2649 3248 ὄψεως

1263 3276 1556 3355 ὡσαύτως
1605 3271 2038 3357 ἀξιωθήσεται·
2085 3282 2166 3353 ὡς
2219 3276 2557 3361 κάντεῦθεν
2605 3273 2645 3365 ᾖ

1261 3403 1718 3495 προθυμότερος
1748 3412 1841 3487 τῷ
1873 3414 1988 3479 τῆς
2011 3412 2200 3492 τιμῆς
2231 3403 2599 3493 ὑπερέχοντι
2624 3404 2652 3449 ⁴

1269 3521 1680 3619 διαφερόντως
1727 3528 2063 3617 ἑναβρυνόμ
2079 3551 2227 3605 ενος.
2288 3528 2409 3593 Καὶ
2464 3530 2651 3621 ῥόγαν

1270 3651 1388 3719 ἀνά
1433 3664 1554 3718 πᾶν
1587 3655 1724 3729 ἔτος
1755 3650 2028 3742 λήψεται
2059 3647 2124 3732 ἐξ
2156 3654 2476 3745 ἡμετέρων
2525 3678 2656 3744 χει-

1273 3786 1408 3869 ρῶν,
1433 3778 1647 3868 λίτρας
1678 3778 2003 3869 τέσσαρας,
2036 3777 2144 3842 καὶ
2179 3780 2479 3863 βλαττίον
2502 3779 2527 3819 ⁵
2550 3780 2657 3843 καὶ

1273 3904 1468 3987 βαΐον·
1496 3926 1636 3976 σιτη
1649 3904 1860 3993 ρεσίων
1896 3894 1964 3968 δὲ
1993 3901 2174 3993 χάριν
2207 3897 2329 3981 ἕξει
2359 3895 2517 3969 τάδε
2550 3904 2659 3969 καὶ

1270 4019 1448 4093 τάδε·

1363 4158 1656 4222 Τοιοῦτον
1677 4157 1702 4197 ⁶
1728 4155 1836 4245 μὲν
1867 4146 1992 4229 ἤδη
2030 4155 2138 4220 τὸν
2173 4146 2493 4245 περίδοξον
2522 4160 2662 4220 ΝΟ-

1275 4284 1750 4361 ΜΟΦΥΛΑΚΑ,
1798 4282 2003 4370 ὥσπερ
2063 4272 2400 4371 ἀνδριάντα
2449 4282 2660 4345 καινὸν

1279 4401 1745 4492 ἀπετελέσαμεν
1778 4427 1855 4469 τε
1886 4404 1994 4468 καὶ
2027 4400 2418 4491 ἀπεξέσαμεν
2437 4401 2504 4482 ⁷,'
2529 4409 2663 4468 οἰκ-

1277 4538 1518 4618 τιρμοῒς
1566 4527 2010 4617 ἀνεκφράστοις
2057 4538 2173 4605 τῆς
2219 4526 2664 4619 κυβερνιῖισης8

1279 4653 1491 4718 πάντα
1520 4654 1824 4742 προνοίας·
1858 4654 1997 4728 ἥτις
2028 4654 2104 4718 τὸ
2155 4652 2475 4719 θεσπέσιον
2522 4663 2666 4719 τοῦ·

1281 4800 1358 4843 το
1381 4774 1490 4841 καὶ
1517 4764 1985 4869 μεγαλοπρεπὲς
2010 4776 2187 4869 ἔργον
2219 4776 2484 4869 ἤνεγκεν
2516 4784 2665 4866 ἡμῖν

1284 4910 1367 4982 εἰς
1413 4905 1683 4969 ἐπίνοιαν
1731 4903 1840 4969 καὶ
1867 4914 2130 4995 πρᾶγμα
2177 4914 2481 4969 τοσοῦτον
2527 4914 2667 4981 ταῖς

1282 5030 1541 5122 ἡμέραις
1588 5022 1852 5119 ἐφύλαξε
1896 5038 2008 5093 τοῦ
2055 5027 2319 5118 κράτους
2366 5034 2564 5119 ἡμῶν.

2840 2157 2878 2222 7
2887 2207 2902 2222 .
2952 2155 3131 2224 'Palis
3175 2179 3335 2243 ergo
3382 2157 3507 2224 erit
3562 2162 3628 2224 et
3666 2158 3759 2223 sic
3812 2159 4193 2243 perpetuo

2751 2280 3041 2346 manebit
3074 2281 3284 2348 dictus
3322 2281 3995 2357 NOMOPHYLAX;
4038 2279 4195 2344 his·

2753 2427 2879 2489 que
2927 2411 3267 2490 praeterea
3299 2413 3521 2474 utetur
3549 2407 3797 2473 iuribus
3844 2412 3909 2472 et
3945 2403 4194 2491 privi-

2753 2530 2964 2616 legiis·
2997 2530 3253 2616 Nempe
3288 2532 3706 2616 amplissimis
3736 2531 4191 2598 senatoribus

2756 2657 3325 2722 adnumerabitur:
3374 2658 3590 2723 sedem
3630 2657 4009 2742 proximam
4064 2678 4191 2719 su-

2756 2803 2982 2866 premo
3006 2781 3204 2846 iudici
3227 2780 3525 2848 habebit:
3552 2787 3619 2847 et
3644 2783 3725 2846 ad
3749 2781 4183 2846 audientiam

2756 2904 3123 2971 Maiestatis
3153 2911 3413 2972 nostrae
3446 2927 3653 2991 aeque
3687 2928 3764 2970 ac
3792 2905 3905 2970 ille
3942 2909 4185 2969 statu-

2757 3028 2843 3094 tis
2873 3029 3100 3095 diebus
3130 3028 3551 3116 ingredietur,
3596 3035 3949 3115 nostroque
4000 3050 4179 3095 eum

2758 3154 3047 3239 alloquio
3082 3159 3149 3220 et
3182 3160 3547 3239 conspectu·
3567 3157 3819 3240 pariter
3850 3153 4178 3242 dignabi-

2758 3301 2933 3359 mur;
2966 3283 3041 3345 ut
3072 3279 3225 3345 hinc
3271 3279 3470 3346 etiam
3516 3280 3633 3346 fiat
3666 3280 3959 3361 alacrior,
3994 3281 4171 3345 dum

2762 3406 2923 3472 adeo
2956 3404 3299 3490 spectabili
3330 3404 3578 3471 honore
3610 3406 3967 3471 extollitur.
3998 3405 4167 3469 Do-

2762 3530 3059 3596 nativum
3102 3532 3370 3615 insuper
3424 3531 3779 3615 quotannis
3824 3531 3901 3597 de
3948 3552 4161 3595 manu

2764 3662 2987 3723 nostra
3032 3656 3307 3741 accipiet
3354 3655 3553 3721 libras
3584 3660 3865 3740 quatuor
3897 3660 3963 3719 et
3992 3676 4155 3739 pre-

2764 3781 3007 3848 tiosum
3036 3804 3329 3867 pannum
3354 3803 3428 3846 ac
3452 3780 3776 3865 palmam3
3810 3778 4164 3845 alimento-

2766 3930 2912 3973 rum
2958 3928 3113 3973 vero
3160 3905 3377 3992 gratia
3423 3904 3548 3971 hoc
3596 3909 3663 3969 et
3707 3904 3891 3970 illud.

2888 4156 3082 4222 Hunc
3135 4156 3344 4241 igitur
3402 4153 3813 4239 splendidum
3875 4150 4165 4218 NOMO-

2769 4279 3277 4359 PHYLACEM,
3313 4302 3429 4344 ceu
3454 4301 3692 4344 novam
3716 4282 4003 4343 statuam
4027 4276 4165 4341 for·-

2770 4405 3091 4471 mavimus
3124 4409 3321 4489 atque
3368 4402 3771 4482 definximus,‚
3815 4400 4163 4466 clementia

2770 4528 3089 4594 ineffabili
3120 4528 3411 4615 regentis
3438 4526 3654 4592 omnia
3680 4524 4161 4603 Providentiae,

2775 4678 2941 4741 quae
2989 4652 3177 4719 nobis
3222 4658 3360 4718 tam
3414 4650 3791 4717 munificum
3838 4672 4004 4735 opus
4062 4648 4168 4712 in-

2776 4777 3071 4865 spiravit,
3104 4800 3370 4862 remque
3402 4781 3657 4842 tantam
3690 4776 4011 4861 agendam
4041 4774 4169 4837 im·-

2777 4903 2945 4989 perii
2988 4903 3199 4969 nostri
3242 4902 3645 4987 temporibus
3691 4898 4066 4967 reservavit.

1431 5260 1448 5298 ¹
1489 5259 1754 5316 Verbum
1779 5279 1816 5317 a
1851 5259 2042 5333 prima
2077 5260 2354 5336 versique
2391 5259 2631 5315 Maiana
2654 5262 3024 5315 mutuatum.
3050 5290 3093 5301 -
3116 5258 3139 5295 ²
3173 5256 3330 5313 Hinc
3353 5254 3765 5329 paragraphus
3792 5258 3858 5310 11
3894 5249 4169 5309 editionis

1289 5345 1718 5421 GottingensiS.
1743 5381 1782 5392 --
1807 5352 1830 5387 ³
1855 5348 2088 5406 Codicis
2113 5350 2353 5422 pagella
2378 5349 2569 5419 prima
2592 5348 2721 5404 solii
2756 5348 2878 5403 286.
2916 5378 2964 5391 -
2998 5348 3024 5383 ⁴
3060 5346 3155 5401 Sic
3201 5346 3387 5401 codex
3424 5350 3485 5401 et
3522 5344 3705 5399 editio
3742 5340 4170 5422 Gottingensi8‚

1217 5494 1224 5501 ,
1291 5438 1398 5494 sed
1432 5438 1554 5493 Mai
1589 5439 1772 5494 habet
1809 5442 2091 5508 ὑπάρχοντι.
2129 5468 2178 5481 -
2214 5442 2236 5476 ⁵
2273 5438 2397 5493 Mai
2448 5442 2619 5491 notat
2672 5438 2929 5493 Godinus
2981 5452 3109 5507 cap.
3152 5436 3284 5491 XX.
3321 5464 3365 5475 ·—
3400 5433 3423 5469 ⁶
3458 5432 3613 5488 Hinc
3660 5431 4067 5504 paragraphus
4106 5430 4173 5483 12

1291 5526 1566 5582 editionis
1604 5526 2032 5599 Gottingensis.
2057 5556 2102 5569 -
2135 5528 2158 5563 ⁷
2195 5526 2291 5583 Sic
2330 5526 2517 5581 codex
2555 5531 2617 5579 et
2652 5523 2833 5581 editio
2860 5522 3290 5595 GottingensiS,
3318 5522 3425 5579 sed
3447 5521 3571 5577 Mai
3597 5524 3950 5589 ἀπεξεύσαμιν.
3970 5548 4009 5560 -
4030 5520 4054 5555 ⁸
4076 5518 4173 5573 Sic

1293 5614 1494 5672 Codex
1530 5620 1592 5672 et
1628 5614 1812 5672 editio
1851 5615 2281 5687 Gottingensis‚
2322 5615 2427 5671 sed
2462 5614 2586 5670 Mai
2622 5614 2968 5684 κυβερνήσεως.
