4573 6666
1203 847 1290 912 22
2283 869 2375 912 na·
2422 870 2649 915 metm
2696 869 2993 916 cusronn·

1199 1077 1610 1146 ἑντάττεσθαι
1640 1077 1938 1170 πρότερον
1980 1090 2108 1156 τοῖς
2138 1080 2441 1157 τοιούτοις
2476 1105 2580 1145 συ-

1201 1207 1500 1293 στήμασι,
1523 1204 1662 1295 πρὶν
1697 1203 1769 1270 ἂν
1804 1200 1980 1279 οὗτος
2008 1206 2194 1281 αὐτὸς
2219 1211 2250 1269 ὁ
2285 1196 2581 1271 διδάσκα-

1199 1334 1307 1407 λος
1339 1329 1546 1408 αὐτοῖς
1595 1333 2102 1423 ἑπιμαρτυρήσοι,
2137 1332 2245 1397 καὶ
2273 1331 2393 1406 τὴν
2420 1335 2581 1398 ἑκεί-

1201 1481 1318 1522 νων
1351 1454 1662 1547 ὑπόληψιν
1694 1460 1796 1524 ἐπί
1827 1481 1904 1524 τε
1937 1469 2018 1544 τῇ
2056 1467 2182 1522 τῶν
2229 1458 2432 1547 νόμων
2468 1483 2587 1548 μα-

1123 1553 1131 1562 ·
1201 1581 1377 1656 θήσει
1411 1583 1517 1647 καὶ
1549 1595 1629 1668 τῇ
1665 1587 1857 1668 λοιπῇ
1911 1577 2251 1662 δεξιότητι,
2285 1582 2581 1676 γλώττης

1201 1705 1334 1796 ἅμα
1382 1719 1551 1798 φωνῇ
1595 1708 1701 1772 καὶ
1745 1709 1948 1799 χειρὸς
1979 1720 2185 1801 γραφῇ
2227 1707 2577 1794 βεβαιώσοι.

1289 1833 1410 1898 Τὸν
1433 1833 1452 1870 ¹
1489 1825 1557 1900 δὲ
1587 1832 1755 1924 παρά
1783 1843 2008 1900 τοῦτον
2055 1833 2163 1898 τὸν
2210 1833 2405 1899 τύπον
2438 1837 2582 1898 ἑαυ-

1199 1958 1308 2023 τὸν
1355 1965 1438 2034 εἰς
1485 1957 1626 2034 τοὺς
1673 1959 2046 2052 συνηγόρους
2079 1957 2119 2030 ἢ
2159 1957 2303 2034 τοὺς
2348 1962 2583 2022 καλου-

1203 2082 1416 2173 μένους
1447 2087 1936 2175 ταβουλλαρίους
1965 2088 1990 2126 ²⁸
2019 2086 2397 2175 παρενείρειν
2429 2088 2583 2148 τολ-

1201 2218 1438 2297 μῶντα,
1489 2201 1683 2298 μηδὲν
1743 2204 2034 2289 καθάπαξ
2095 2201 2457 2300 κεριδαίνειν
2513 2213 2582 2272 ἐκ

1199 2344 1314 2410 τῆς
1337 2339 1559 2400 ἑαυτοῦ
1583 2337 1972 2426 προπετείας·
1997 2338 2130 2400 ἀλλ’
2157 2328 2326 2411 αὖθις
2350 2331 2581 2400 ἐκεῖθεν

1201 2456 1557 2540 ἐξωθεῖσθαι
1605 2461 1768 2551 μετά
1801 2453 2242 2551 σφοδρότητος·
2273 2466 2353 2536 ὡς
2394 2457 2465 2524 ἂν
2514 2462 2583 2523 ἐκ

1201 2597 1314 2651 τοῦ
1347 2585 1564 2652 παθεῖν
1597 2591 1847 2678 ἑπιγνῶ,
1875 2585 2104 2674 μηκέτι
2135 2584 2254 2659 τὴν
2291 2593 2373 2662 εἰς
2407 2553 2580 2676 δεῦρό

1200 2712 1606 2802 κρατήσασαν
1640 2713 1723 2776 ἐπ’
1759 2715 1966 2786 αὐτοῖς
2001 2700 2383 2800 ἀδιαφορίαν,
2419 2711 2585 2777 ἀλλά

1201 2836 1320 2912 τὴν
1369 2835 1798 2926 ἀρχαιοτάτην
1833 2836 2071 2906 ἐκείνην
2107 2835 2423 2925 ἀκρίβειαν
2456 2845 2581 2899 τῶν

1201 2963 1403 3051 νόμων
1449 2959 2018 3050 ἑμπολιτευομένην
2053 2957 2194 3047 ἄρτι
2223 2969 2353 3035 τοῖς
2383 2959 2585 3050 πράγ-

1205 3111 1376 3176 μασι·
1412 3085 1494 3175 μὴ
1526 3077 1592 3151 δὲ
1625 3077 1886 3175 δώρημα
1918 3083 2118 3172 τύχης
2143 3084 2182 3152 ἦ
2207 3075 2583 3174 περιδρομῆς

1205 3213 1538 3306 ἅρπαγμα,
1590 3213 1720 3275 ἀλλ’
1775 3208 2044 3274 ἔπαθλον
2096 3200 2373 3285 σπουδῆς
2408 3211 2435 3252 ³
2480 3201 2585 3274 καὶ

1204 3340 1566 3427 φιλοπονίας
1594 3336 1679 3402 τά
1724 3346 1991 3402 τοιαῦτα
2036 3345 2138 3399 νῦν
2189 3336 2395 3425 μόνοις
2449 3347 2580 3413 τοῖς

1207 3458 1392 3543 ἀξίοις
1437 3464 1830 3555 προκείμενα.

2688 1083 2899 1166 ΟΕΜ;
2934 1087 3043 1152 sed
3074 1109 3154 1152 ne
3184 1088 3251 1152 in
3298 1088 3569 1174 collegia
3600 1089 3859 1174 quidem
3888 1091 4113 1156 huius

2687 1209 2935 1293 generis
2982 1211 3423 1294 admittantur,
3470 1213 3648 1298 prius
3696 1235 3891 1299 quam
3922 1217 4113 1281 item

2688 1333 2791 1400 hic
2814 1335 3119 1418 magister
3134 1337 3567 1403 testimonium
3583 1339 3660 1403 iis
3687 1341 4111 1424 praebuerit,

2690 1463 2755 1526 et
2800 1460 2876 1525 de
2920 1461 3287 1527 eorumdem
3332 1466 3469 1527 tam
3516 1463 3735 1549 legum
3788 1465 4111 1544 scientia,

2688 1607 2879 1669 quam
2900 1586 3148 1670 reliqua
3165 1586 3544 1653 dexteritate
3565 1588 3872 1654 iudicium
3891 1611 4111 1656 suum

2689 1731 2839 1776 voce
2886 1715 2950 1776 et
2994 1712 3241 1794 scripto
3287 1712 3651 1796 protulerit.

2780 1835 2847 1902 Si
2878 1837 3020 1920 quis
3050 1859 3199 1902 vero
3234 1841 3491 1921 praeter
3522 1837 3686 1904 hanc
3713 1838 3982 1904 formam
4016 1839 4103 1904 in

2688 1939 3105 2044 patronorum
3130 1983 3195 2026 se
3218 1983 3553 2026 numerum
3584 1965 3697 2028 aut
3718 1985 3937 2028 eorum
3966 1963 4100 2047 qui

2690 2085 2991 2151 tabularii
3023 2091 3349 2166 vocantur,
3382 2087 3655 2152 inserere
3701 2075 3892 2152 ausus
3942 2087 4097 2152 fne-

2690 2210 2797 2291 rit,
2828 2210 2989 2275 nihil
3020 2233 3163 2276 eum
3202 2233 3464 2295 prorsus
3497 2210 3789 2277 volumus
3822 2211 4093 2276 audacia

2691 2357 2805 2400 sua
2851 2335 3107 2416 lucrari,
3140 2336 3248 2401 sed
3280 2336 3343 2400 vi
3374 2336 3589 2402 statim
3624 2337 3769 2402 inde
3806 2337 4089 2416 excludi3

2692 2465 2764 2524 ut
2825 2482 2903 2525 ex
2965 2459 3223 2545 propria
3285 2460 3650 2527 calamitate
3704 2467 4049 2546 cognoscat
4068 2512 4089 2542 ,

2691 2585 2861 2650 haud
2906 2585 3033 2650 iam
3050 2629 3059 2636 -
3078 2585 3371 2669 deinceps
3429 2591 3795 2652 consuetam
3839 2586 4089 2651 indiffe-

2694 2711 2965 2774 rentiam
3012 2710 3242 2791 valere,
3291 2710 3399 2775 sed
3446 2711 3959 2796 antiquissimum
4004 2709 4087 2775 il-

2692 2833 2827 2898 lum
2851 2833 3067 2918 legum
3091 2835 3369 2919 rigorem
3394 2835 3654 2901 nuncin
3680 2836 3871 2902 rebus
3894 2855 4087 2919 agen-

2693 2958 2789 3023 dis
2815 2959 3081 3024 versari:
3115 2981 3317 3046 neque
3348 2960 3644 3027 fortunae
3678 2961 3937 3042 donum,
3970 2965 4087 3026 aut

2694 3083 2969 3148 ambitus
3014 3085 3323 3168 rapinam,
3355 3085 3461 3150 sed
3494 3085 3689 3150 studii
3720 3107 3795 3151 ac
3842 3084 4081 3151 laboris

2693 3211 3043 3293 praemium
3068 3210 3217 3276 solis
3241 3208 3453 3296 dignis
3476 3209 3635 3276 haec
3658 3231 3925 3276 munera
3950 3233 4085 3276 esse

2694 3336 3043 3421 proposita.

1339 3717 1376 3802 ἓ
1425 3718 1527 3784 12.
1571 3716 1842 3783 Iuvenes
1886 3717 1974 3783 ad
2019 3718 2249 3801 leyales
2296 3715 2680 3797 disciplinas
2724 3715 3157 3783 addiscendas
3202 3716 3589 3783 vehementer
3638 3716 3953 3782 hortatur.

1299 3968 1398 4052 ιβ’.
1434 3968 1618 4032 Οὕτω
1649 3968 1852 4031 τοίνυν
1886 3972 2036 4055 ἡμῖν
2063 3967 2088 4009 ⁴
2137 3956 2455 4030 διανυσθὲν
2504 3964 2579 4029 τὸ

1211 4091 1596 4184 κατόρθωμα
1649 4103 1732 4177 τῇ
1783 4102 1893 4156 τοῦ·
1939 4092 2293 4180 κρείττονος
2356 4089 2588 4179 χάριτι,

1211 4208 1516 4307 διαμείνοι
1564 4218 1744 4307 μέχρι
1795 4216 2033 4291 παντὸς
2087 4213 2208 4288 τὴν
2261 4214 2587 4278 πολιτείαν

1215 4356 1527 4434 σεμνῢνον,
1576 4342 1684 4408 καὶ
1737 4332 1954 4431 μηδεὶς
2011 4340 2163 4406 αὐτὸ
2210 4342 2447 4430 χρόνος,
2501 4338 2583 4427 μὴ

1209 4468 1426 4557 φθόνος
1456 4478 1580 4533 τῶν
1614 4472 1826 4533 καλῶν
1847 4464 1872 4501 ⁶
1909 4464 2264 4550 ἀποσβέσοι,
2294 4464 2459 4529 ἀλλά
2492 4454 2595 4529 8ιά

1207 4594 1428 4671 τέλους
1453 4593 1786 4681 ἑκλάμποι,
1821 4582 2325 4679 σπουδαζόμενον
2360 4589 2457 4655 ἀεὶ
2486 4588 2595 4653 καὶ

1209 4717 1563 4809 τιμώμενον
1600 4716 1716 4781 ὑπὸ
1749 4725 1875 4781 τῶν
1911 4708 2051 4793 ἑξῆς
2083 4723 2334 4808 γενεῶν,
2370 4713 2477 4777 καὶ
2509 4704 2599 4778 δι-

1211 4821 1546 4916 καιοσύνην
1581 4833 1775 4907 ἀΐδιον
1809 4843 2214 4929 ἑπιβραβεῦον
2247 4848 2340 4923 τῷ
2375 4840 2505 4923 βίῳ.

1300 4976 1517 5035 Ταῦτα
1537 4964 1561 5001 ⁶
1585 4967 1693 5032 καὶ
1723 4966 1870 5058 πρὸς
1904 4958 2088 5044 δόξαν
2123 4963 2282 5051 θεοῦ,
2311 4963 2418 5028 καὶ
2448 4964 2595 5055 πρὸς

2788 3966 2893 4032 12.
2941 3965 3129 4032 Nunc
3176 3966 3240 4030 id
3286 3988 3325 4030 a
3370 3965 3551 4029 nobis
3594 3987 3740 4031 cum
3784 3962 4085 4029 Numinis

2699 4092 2911 4175 gratia
2957 4099 3287 4174 peractum
3333 4112 3513 4173 opu8‚
3560 4090 3808 4155 utinam
3852 4089 3933 4154 ad
3964 4087 4089 4152 rei-

2698 4214 2991 4299 publicae
3015 4215 3202 4281 decus
3228 4219 3562 4299 perennet,
3588 4210 3891 4297 nulloque
3922 4216 4085 4277 tem-

2700 4363 2855 4425 pore
2881 4340 2983 4406 vel
3010 4343 3217 4406 bonae
3248 4340 3341 4405 rei
3374 4338 3610 4405 invidia
3642 4338 4086 4422 extinguatur!

2702 4466 2823 4532 Sed
2871 4466 3110 4551 absque
3170 4466 3295 4530 fine
3358 4464 3757 4549 splendescat
3829 4465 4085 4546 gratum

2701 4612 2952 4675 semper
2985 4595 3049 4655 et
3080 4590 3142 4654 in
3180 4590 3418 4656 honore
3463 4588 3758 4654 habitum
3788 4610 3827 4651 a
3857 4584 4092 4654 futuris

2703 4715 3240 4804 generationibuS,
3287 4718 3353 4779 et
3399 4712 3857 4797 sempiternam
3901 4708 4086 4777 iusti·

2702 4843 2861 4907 tiam
2906 4841 2972 4905 in
3017 4839 3297 4905 humana
3342 4840 3475 4904 vita
3520 4836 3869 4903 stabiliens.

2792 4966 2972 5031 Haec
3016 4964 3095 5029 ad
3143 4963 3261 5029 Dei
3308 4963 3601 5048 gloriam,
3635 4957 4094 5027 immortalem-

1355 5238 1372 5272 ¹
1399 5234 1554 5291 Hinc
1586 5235 1998 5309 paragraphus
2033 5236 2104 5289 21
2139 5232 2421 5296 editionis
2460 5229 2891 5302 Gottingensia.
2925 5259 2964 5272 -
3002 5230 3023 5264 ²
3061 5227 3157 5285 Sic
3184 5225 3374 5283 codex
3409 5227 3593 5283 habet
3628 5232 3692 5277 λλ
3726 5211 3840 5282 'seu
3875 5218 4099 5294 duplici

1209 5324 1464 5381 lambda.
1503 5356 1551 5366 -
1586 5326 1610 5362 ³
1646 5324 1879 5381 Codicis
1915 5324 2152 5396 pagella
2188 5322 2381 5379 altera
2416 5321 2545 5377 folii
2578 5321 2701 5375 289.
2738 5350 2777 5361 -
2812 5322 2837 5356 ⁴
2861 5318 2983 5373 Mai
3007 5335 3114 5391 pro
3144 5320 3267 5370 οὕτω
3294 5321 3453 5369 votvm
3490 5314 3674 5371 habet
3712 5318 3947 5369 tantum
3982 5314 4095 5363 Νῦν.

1208 5415 1364 5470 Hinc
1403 5414 1681 5470 editionis
1720 5412 2133 5485 Gottingensis
2157 5411 2571 5485 paragraphus
2596 5410 2682 5465 22.
2708 5440 2751 5451 -
2778 5411 2801 5445 ⁵
2828 5406 3041 5477 Codex,
3069 5406 3207 5477 Mai,
3234 5404 3433 5476 Bollig
3456 5409 3619 5459 recte
3657 5406 3823 5455 καλῶν
3850 5400 4097 5473 scripse-

1209 5510 1370 5575 runt,
1409 5504 1517 5560 sed
1542 5504 1734 5559 editor
1759 5500 2174 5574 Gottingensis
2198 5500 2393 5556 voluit
2419 5498 2732 5555 emendare
2760 5502 2946 5563 κακῶν,
2975 5495 3135 5568 quod
3158 5492 3399 5551 minime
3426 5509 3755 5565 congruum
3794 5495 3859 5546 et
3894 5486 4099 5545 sensui

1213 5592 1478 5665 videtur;
1515 5594 1743 5649 invidia
1779 5590 1936 5647 enim
1970 5590 2032 5645 in
2058 5592 2276 5647 bonum
2303 5588 2465 5645 haud
2490 5586 2729 5661 quidem
2754 5585 2816 5643 in
2840 5588 3070 5643 malum
3093 5583 3303 5641 fertur.
3330 5614 3373 5625 -
3398 5583 3422 5619 ⁶
3456 5582 3611 5645 Hinc
3648 5578 3924 5635 editionis
3962 5578 4100 5635 Got-

1213 5681 1508 5755 tingensis
1544 5681 1946 5755 paragraphus
1983 5680 2070 5739 23.
