4573 6666
1215 820 1257 886 8
2301 839 2391 882 na
2438 837 2665 884 nasum
2710 837 3009 884 cosmon

1115 1119 1130 1135 ,
1212 1051 1305 1130 Θις
1350 1061 1476 1118 τῶν
1527 1051 1830 1139 βασιλέων
1864 1049 1982 1117 ὑπ’·
2000 1051 2467 1143 εὐγνωμοσύνης
2515 1043 2604 1117 δι-

1216 1182 1398 1256 καίας
1420 1180 1540 1254 τὴν
1567 1178 1747 1270 χάριν
1773 1165 2307 1272 παραιτουμένων,
2338 1180 2447 1246 καὶ
2477 1176 2602 1245 οἷον

1217 1307 1489 1394 ἀμοιβήν
1537 1330 1680 1370 τινα
1711 1303 1954 1379 ταύτην
1991 1297 2431 1372 ἀντιδιδόντων
2473 1315 2601 1382 τοῖς

1216 1430 1458 1520 νόμοις,
1507 1431 1582 1496 τὸ
1644 1431 1743 1496 ὑπ’
1793 1424 2041 1508 ἐκείνοις
2095 1440 2219 1496 τῶν
2267 1431 2601 1522 σκήπτρων

1216 1558 1336 1634 τὴν
1369 1553 1649 1638 ἐξουσίαν
1681 1570 1899 1636 ποιεῖν,
1933 1557 2042 1624 καὶ
2073 1557 2178 1624 σὺν
2214 1563 2422 1635 αὐτοῖς
2450 1561 2606 1647 μᾶλ-

1215 1689 1325 1751 λον
1375 1685 1586 1777 ἄρχειν
1635 1683 1937 1776 αἱρεῖσθαι
1979 1695 2301 1775 προσηνῶς
2357 1683 2464 1748 καὶ
2510 1675 2605 1749 δι-

1219 1813 1425 1888 καίως,
1453 1809 1492 1884 ἢ
1523 1821 1772 1901 κρατεῖν
1809 1802 1958 1900 δίχα
1988 1809 2229 1875 τούτων
2259 1811 2467 1894 βιαίως
2500 1811 2605 1874 καὶ

1216 1937 1606 2028 παρανόμως,
1637 1934 1988 2027 σοφώτερον
2015 1936 2053 2008 ἢ
2083 1933 2249 2000 κατὰ
2273 1934 2417 2010 τοὺς
2446 1925 2607 1999 ἰδιώ-

1217 2087 1354 2140 τας,
1405 2057 1487 2128 ὧν
1538 2063 1816 2154 ἄρχουσι,
1851 2063 1991 2154 περὶ
2019 2061 2247 2127 τούτου
2280 2057 2609 2154 λογιζομέ-

1224 2213 1366 2254 νων.
1419 2190 1732 2280 Διαφέρειν
1780 2187 1900 2282 γάρ
1945 2188 2242 2278 τύραννον
2293 2193 2354 2254 ἑν
2402 2187 2607 2272 τούτῳ

1221 2315 1328 2381 καὶ
1375 2316 1656 2401 βασιλέα,
1708 2317 1806 2381 ὅτι
1839 2321 1871 2379 ὁ
1921 2314 2050 2404 μὲν,
2085 2321 2164 2390 ὡς
2193 2319 2226 2380 ὁ
2257 2315 2463 2408 λόγος,
2512 2316 2609 2379 νό-

1224 2463 1338 2528 μον
1385 2441 1518 2529 ἔχει
1578 2441 1688 2505 τὸν
1753 2439 2014 2528 τρόπον,
2067 2439 2356 2524 βασιλεὺς
2418 2430 2485 2504 δὲ
2530 2439 2606 2504 τὸ

1223 2566 1512 2655 ἔμπαλιν,
1545 2565 1774 2658 τρόπον
1807 2565 1939 2656 ἔχει
1969 2567 2078 2632 τὸν
2117 2566 2325 2654 νόμον,
2353 2568 2611 2630 ὲπιστα-

1225 2693 1362 2757 σίαν
1413 2691 1522 2781 μὲν
1569 2693 1822 2780 ἔννομον
1869 2690 1990 2766 τὴν
2025 2689 2224 2782 ἀρχὴν
2272 2689 2611 2776 ἐπιστάμε-

1223 2841 1342 2896 νος,
1381 2829 1496 2894 τῆς
1532 2809 1583 2882 δ’
1621 2821 1816 2907 ἀρχῆς
1851 2819 2035 2908 σοφὸν
2069 2817 2463 2908 κυβερνήτην
2496 2817 2605 2881 τὸν

1224 2943 1411 3032 νόμον
1459 2945 1774 3020 ἀσπασίως
1833 2942 2368 3033 παραλαμβάνων·
2436 2943 2606 3019 ὅστις

1225 3070 1455 3160 εὕρεμα
1504 3067 1612 3158 μέν
1659 3067 1934 3134 ἐστικαὶ
1973 3059 2164 3160 δῶρον
2199 3066 2361 3133 θεοῦ·
2408 3067 2601 3157 τέχνη

1225 3184 1293 3260 δὲ
1338 3193 1446 3258 καὶ
1487 3193 1886 3286 λέγεταικαὶ
1930 3191 2295 3258 πιστεύεται
2335 3203 2449 3257 τοῦ
2496 3216 2611 3256 κα-

1224 3324 1334 3386 λοῦ
1360 3344 1434 3387 τε
1462 3320 1567 3385 καὶ
1591 3321 1746 3399 'lo-ou,
1770 3317 2216 3409 ἐπανορθοῦται
2244 3317 2263 3355 ¹
2301 3309 2368 3385 δὲ
2396 3317 2608 3385 πάντα

1224 3446 1334 3511 τὸν
1362 3444 1736 3536 ἀνθρώπινον
1766 3434 1918 3531 βίον,
1941 3445 2047 3509 καὶ
2071 3443 2441 3535 θαυμαστήν
2466 3468 2609 3509 τινα

1224 3565 1403 3650 τάξιν
1451 3572 1820 3662 πρυτανεὺει
1865 3582 1995 3646 τοῖς
2041 3570 2383 3663 πράγμασι·
2430 3563 2605 3647 τάξις

1229 3690 1405 3765 δὲτὸ
1437 3698 1795 3788 κεφάλαιον,
1829 3703 1910 3773 ὡς
1949 3698 2112 3773 ἔπος,
2162 3707 2289 3762 τῶν
2333 3696 2610 3790 ἀγαθῶν,

1227 3824 1266 3898 ἢ
1316 3823 1423 3889 καὶ
1465 3824 1550 3890 τά
1594 3823 1842 3916 ἐπίγεια
1899 3824 2143 3914 συνέχει
2187 3824 2297 3889 καὶ
2340 3822 2425 3889 τά
2470 3828 2613 3914 οὖρ-

1231 3952 1424 4043 ράνια.

2709 1086 2973 1149 poscere
3006 1088 3044 1130 a
3076 1067 3341 1152 regibus
3366 1067 3575 1132 iustae
3607 1066 4091 1135 benivolentiae

2711 1191 2993 1277 gratiam
3042 1197 3108 1258 et
3153 1193 3501 1278 quamdam
3546 1194 3752 1260 veluti
3795 1219 4097 1262 remune-

2710 1321 3032 1386 rationem
3074 1321 3195 1386 sibi
3241 1322 3533 1402 retribui,
3580 1346 3814 1409 nempe
3860 1330 3933 1391 ut
3974 1327 4095 1392 sub

2711 1447 3001 1532 ipsarum
3036 1452 3365 1532 potestate
3390 1450 3597 1516 velint
3628 1456 3885 1536 seeptra
3913 1455 4099 1519 tene-

2710 1599 2801 1656 re,
2838 1581 2904 1642 et
2936 1599 3083 1642 oum
3113 1576 3342 1642 iisdem
3373 1577 3609 1642 malint
3638 1578 3874 1645 blande
3897 1579 4101 1646 iuste-

2713 1725 2840 1788 que
2872 1702 3215 1787 imperare‚
3251 1725 3444 1786 quam
3478 1702 3617 1768 sine
3658 1703 3817 1788 ipsis
3850 1705 4101 1772 violen-

2712 1833 2815 1894 ter
2861 1833 2929 1894 et
2972 1827 3195 1912 inique
3230 1827 3587 1905 dominari;
3624 1829 3981 1913 sapientius
4023 1831 4099 1896 in

2712 1953 2839 2020 hoc
2867 1953 3245 2030 iudicante5‚
3278 1975 3475 2036 quam
3508 1953 3750 2037 privati
3778 1954 4095 2033 homineS‚

2714 2080 2948 2165 quibus
2970 2102 3159 2165 reges
3185 2083 3525 2164 praesunt:
3552 2101 3787 2164 nempe
3818 2079 3943 2146 hoc
3974 2080 4103 2145 dif-

2714 2204 2887 2270 ferre
2936 2228 2974 2269 a
3020 2209 3303 2288 tyranno
3350 2226 3575 2289 regem
3622 2204 3796 2288 quod
3844 2204 3976 2284 ille,
4026 2210 4103 2270 ut

2716 2328 2840 2394 dici
2872 2328 3057 2406 solet,
3090 2327 3257 2414 legis
3288 2328 3432 2394 loeo
3456 2329 3657 2395 habet
3680 2327 3894 2395 mores
3926 2353 4097 2408 suos,

2716 2476 2829 2520 rex
2860 2458 3079 2519 autem
3110 2458 3336 2520 eontra
3365 2454 3568 2520 habet
3598 2453 3815 2540 legem
3845 2477 4101 2520 morum

2717 2602 2977 2645 suorum
3025 2601 3321 2645 normam
3340 2630 3357 2658 ‚
3407 2579 3847 2663 principatum
3896 2579 4103 2644 sciens

2716 2725 2853 2770 esse
2886 2703 3326 2788 praesidatum
3372 2704 3763 2790 legitimum,
3800 2703 3910 2788 qui
3940 2726 4103 2788 qua-

2716 2830 2770 2896 si
2804 2829 3165 2914 sapientem
3199 2830 3705 2915 gubernatorem
3742 2828 3867 2893 sibi
3894 2827 4102 2893 liben-

2714 2960 2818 3022 ter
2864 2955 3081 3040 legem
3114 2954 3404 3019 assumit.
3439 2953 3617 3030 Quae
3666 2953 3959 3038 profecto
4004 2952 4105 3017 di-

2716 3079 2941 3144 vinum
2972 3079 3313 3144 inventum
3346 3078 3715 3163 donumque
3755 3081 3871 3158 est,
3906 3081 4102 3162 atque

2716 3226 2821 3269 ars
2864 3203 3170 3270 definitur
3202 3208 3268 3268 et
3293 3202 3577 3268 creditur
3599 3201 3849 3268 boniet
3879 3200 4103 3286 aequi;

2716 3333 3057 3413 totamque
3090 3327 3316 3415 dirigit
3356 3327 3709 3393 humanam
3754 3327 3979 3407 vitam,
4026 3350 4105 3392 ac

2716 3454 2955 3520 mirum
2989 3454 3334 3539 quemdam
3365 3452 3647 3537 imponit
3680 3452 3874 3518 rebus
3904 3472 4105 3537 agen-

2719 3578 2816 3644 dis
2848 3578 3161 3645 ordinem.
3212 3576 3385 3643 Ordo
3420 3581 3639 3642 autem
3680 3581 3897 3661 eaput,
3930 3580 4003 3641 ut
4034 3598 4105 3640 a·

2717 3704 2882 3783 iunt‚
2915 3704 3233 3770 bonorum
3280 3706 3397 3781 est,
3447 3702 3561 3785 qui
3600 3702 3800 3767 etiam
3846 3705 4105 3767 terrena

2720 3851 2866 3893 cum
2912 3828 3297 3894 caelestibus
3343 3826 3628 3913 copulat.

1538 4204 1576 4287 9
1622 4205 1684 4269 2.
1729 4202 1834 4269 De
1877 4202 2148 4287 antiqua
2193 4222 2349 4270 cura
2395 4203 2620 4286 hymn,
2666 4208 2726 4268 et
2771 4200 3127 4269 scholarum
3172 4200 3472 4285 leyalium
3516 4200 3795 4267 incuria.

1323 4452 1397 4537 β’.
1431 4450 1758 4522 Τοσαύτην
1787 4450 1811 4486 ²
1843 4450 2048 4518 ,τοίνυν
2078 4460 2209 4525 τοῖς
2240 4449 2447 4537 νόμοις
2480 4452 2616 4515 ἐνυ-

1229 4576 1590 4666 πάρχουσαν
1627 4564 1882 4662 δύναμιν
1914 4578 1971 4638 οἱ
2001 4573 2118 4664 πρὸ
2157 4579 2336 4663 ἡμῶν
2373 4573 2619 4658 εὐσεβέ-

1233 4724 1454 4767 στατοι
1504 4702 1776 4784 βασιλεῖς
1825 4690 2195 4776 συνιδόντες,
2225 4705 2342 4790 οὐχ
2374 4695 2569 4772 ἧττον
2591 4698 2616 4735 ³

1228 4833 1356 4929 τῷν
1403 4820 1605 4911 νόμων
1639 4819 1678 4895 ἢ
1713 4831 1838 4887 τῶν
1873 4823 2081 4887 ὅπλων
2120 4823 2503 4913 ἐφρόντισαν·
2534 4822 2619 4889 τὰ

1233 4950 1340 5039 μὲν
1374 4954 1444 5015 ἐκ
1475 4949 1764 5038 πολέμων
1798 4946 1966 5014 κακά
1999 4960 2448 5042 στρατηγικαῖς
2494 4952 2622 5040 ἀρι-

1231 5079 1484 5155 στείαις,
1531 5074 1570 5150 ἢ
1619 5086 1758 5153 ταῖς
1805 5074 2036 5141 ἄνωθεν
2085 5081 2326 5165 μᾶλλον
2374 5099 2623 5165 συμμα-

1229 5204 1413 5294 χίαις,
1442 5204 1842 5295 ἀπείργοντες
1890 5202 1965 5267 τὸ
1994 5194 2062 5268 δὲ
2085 5212 2201 5279 τῆς
2228 5202 2475 5292 εἰρήνης
2505 5225 2620 5266 κα-

2814 4452 2875 4516 2.
2904 4450 3185 4516 Tantam
3209 4450 3416 4537 igitur
3447 4448 3702 4536 legibus
3733 4448 3943 4515 inesse
3975 4447 4104 4513 vim

2722 4574 3149 4659 imperatores
3196 4579 3348 4641 ante
3394 4597 3513 4641 nos
3560 4573 3833 4659 piissimi
3866 4594 4107 4659 cogno-

2728 4705 3000 4781 scenteS,
3050 4700 3226 4766 haud
3271 4700 3589 4765 minorem
3634 4700 3859 4785 legum
3906 4720 4103 4783 quam

2724 4849 3055 4892 armorum
3100 4849 3319 4891 euram
3367 4829 3736 4911 gesserunt:
3788 4829 3855 4889 et
3900 4822 4106 4888 bello·

2724 4973 2870 5017 rum
2896 4950 3158 5037 quidem
3180 4951 3352 5016 mala
3379 4949 3649 5015 militari
3682 4948 3943 5027 virtute,
3973 4946 4108 5029 (vel

2724 5076 2943 5161 potius
2992 5075 3287 5161 supernis
3352 5074 3633 5158 auxiliis)
3693 5075 4107 5148 averterunt;

2723 5203 2901 5288 pacis
2946 5224 3101 5268 vero
3148 5203 3392 5269 bonum
3438 5200 3695 5287 legibus
3740 5197 4007 5283 optimis
4042 5218 4111 5262 a·

1234 5484 1556 5543 maluimus
1591 5492 1662 5541 ut
1699 5503 1954 5559 graecus
1989 5490 2209 5558 textus,
2251 5483 2369 5542 etsi
2404 5484 2468 5541 id
2504 5484 2625 5541 Mai
2660 5485 3009 5558 plerumque
3044 5484 3109 5539 in
3144 5490 3357 5539 neutro
3402 5487 3577 5539 textu
3623 5498 3743 5537 non
3782 5478 4042 5536 fecisset.
4076 5506 4119 5518 -·

1237 5576 1256 5612 ¹
1298 5574 1394 5632 Sio
1431 5574 1555 5631 eod.
1596 5580 1658 5631 et
1684 5574 1866 5631 editio
1893 5573 2190 5647 Gotting.;
2217 5574 2322 5629 sed
2354 5566 2520 5645 'apud
2544 5573 2667 5629 Mai
2695 5578 2790 5629 est
2816 5576 3167 5645 ἐπανορθῶται.
3191 5604 3237 5616 -
3260 5573 3283 5609 2
3307 5571 3463 5629 Hinc
3498 5570 3855 5647 paragraph.
3880 5568 3918 5623 3
3954 5566 4114 5624 Gott.

1235 5662 1529 5726 editionis.
1551 5696 1590 5707 ·-
1625 5668 1649 5703 ³
1686 5664 1936 5727 Codicis-
1952 5664 2193 5742 pagella
2230 5664 2422 5722 altera
2456 5662 2585 5719 folii
2620 5664 2743 5721 281.
