4573 6666
1241 829 1330 876 m·
1375 831 1736 881 Aramum
1783 834 2583 886 consummorom‘rmo
3188 882 3203 888 -
3272 821 3353 889 13

474 1081 598 1122 των
635 1059 1158 1151 ἀναγκαιότατον,
1194 1062 1448 1126 πάντων
1483 1053 1552 1128 δὲ
1576 1055 1853 1128 σπουδα-

476 1181 730 1270 σμάτων
768 1185 1291 1275 βιωφελέστατον,
1329 1181 1397 1251 οὗ
1429 1186 1614 1277 χωρὶς
1654 1186 1711 1252 τ’
1747 1189 1858 1252 ἄλ-

473 1314 558 1373 λα
603 1309 815 1375 πάντα
847 1311 1114 1402 περιττοὶ
1144 1312 1253 1377 καὶ
1287 1313 1585 1386 ἀνόνητα.
1625 1315 1704 1378 Τί
1733 1313 1854 1406 γὰρ

473 1433 691 1525 ὄφελος
738 1435 999 1513 τούτων,
1059 1440 1339 1527 εὐνομίας
1405 1440 1824 1527 ἀποιχομένης
1839 1465 1856 1518 ;

475 1567 679 1627 Τοῦτο
727 1554 801 1637 δὴ
853 1563 1135 1656 καθάπερ
1185 1566 1536 1656 ἀλλόφυλον
1575 1577 1693 1643 τῆς
1738 1590 1858 1632 πο-

473 1687 712 1764 λιτείας
775 1687 1233 1767 ἀπεληλάσθαι,
1283 1691 1390 1754 καὶ
1450 1691 1618 1779 μήτε
1666 1691 1858 1756 τόπον

473 1813 639 1902 ἔχειν
671 1818 893 1878 οἰκεῖον
929 1818 991 1878 ἐν
1026 1820 1187 1899 αὐτῇ
1224 1817 1705 1907 γινωσκόμενον,
1743 1817 1862 1905 μή·

475 1963 549 2004 τε
580 1933 760 2018 τάξιν
790 1939 952 2020 τινὰ,
981 1941 1064 2030 μὴ
1098 1940 1357 2030 βαθμόν,
1387 1941 1471 2032 μὴ
1509 1941 1860 2035 προνόμιον,

475 2065 614 2130 ἀλλ’
665 2067 822 2142 ὅλως
885 2065 1244 2156 ἠμελῆσθαι
1301 2068 1406 2134 καὶ
1472 2067 1858 2160 ἀπερρίφθαι,

471 2191 580 2256 καὶ
627 2195 813 2258 οἱονεί
857 2218 920 2258 τι
968 2199 1200 2284 φαῦλον
1247 2187 1629 2286 τεχνύδριον,
1682 2161 1864 2261 ασυν-

471 2315 648 2390 τελὲς
710 2320 1034 2393 παντελῶς
1095 2319 1242 2407 πρὸς
1307 2317 1425 2390 τὴν
1477 2317 1859 2407 ἀνθρωπίνην

474 2431 643 2516 ζωήν
691 2429 1150 2504 ἀδιατύπωτον·
1187 2442 1350 2506 οὕτω
1382 2441 1489 2527 καὶ
1524 2433 1864 2532 ἀδιάρθρω-

473 2588 584 2629 τον
633 2564 870 2652 μένειν,
918 2567 1280 2655 ἐλεούμενον
1331 2571 1570 2656 μᾶλλον
1619 2565 1658 2638 ἢ
1712 2564 1863 2630 θαυ-

485 2683 857 2778 μαζόμενον,
891 2692 999 2755 καὶ
1032 2659 1262 2782 θρήνου
1289 2695 1530 2781 μᾶλλον
1577 2690 1616 2764 ἢ
1667 2685 1862 2771 ζήλου

476 2809 878 2904 νομιζόμενον
928 2789 1115 2896 ἄξιον.

1961 1067 2305 1152 latiumP),
2357 1071 2787 1136 neeessariam
2851 1095 3005 1138 vero
3062 1073 3354 1159 apprime

1964 1193 2301 1258 seientiam
2341 1199 2407 1258 et
2440 1218 2596 1279 prae
2630 1196 2861 1261 studiis
2894 1198 3141 1262 eunctis
3178 1199 3350 1265 vitae

1964 1318 2399 1399 utilissimam,
2448 1320 2651 1386 immo
2702 1326 2767 1386 et
2809 1321 2945 1387 sine
2980 1343 3109 1406 qua
3142 1328 3357 1388 cetera

1966 1443 2184 1509 omnia
2229 1445 2399 1509 nihil
2448 1451 2727 1530 prosunt
2776 1445 2981 1526 (Quae
3030 1452 3129 1513 est
3183 1447 3356 1512 enim

1964 1568 2240 1634 istorum
2296 1569 2573 1651 utilitas,
2628 1571 2744 1636 ubi
2798 1576 2977 1636 reeta
3024 1571 3357 1657 legislatio

1966 1693 2146 1759 deest
2168 1697 2263 1774 ?):
2297 1694 2466 1760 hane
2494 1695 2763 1780 inquam
2797 1695 3134 1762 seientiam
3168 1697 3357 1782 quasi

1968 1823 2346 1884 extraneam
2394 1819 2659 1885 civitate
2700 1821 2879 1905 pelli,
2914 1826 2981 1886 et
3011 1843 3222 1906 neque
3254 1822 3352 1887 lo-

1969 1965 2118 2008 cum
2164 1944 2505 2029 proprium
2552 1945 2622 2009 in
2653 1945 2916 2029 publico
2950 1946 3211 2026 habere,
3246 1969 3359 2011 ne-

1968 2089 2095 2152 que
2143 2068 2427 2152 aliquem
2485 2069 2799 2150 ordinem,
2864 2093 2996 2137 non
3058 2071 3354 2161 gradum,

1969 2214 2101 2256 non
2147 2192 2588 2280 privilegium,
2640 2195 2750 2260 sed
2812 2195 3075 2261 omnino
3130 2197 3358 2282 negle-

1970 2321 2142 2381 ctam
2167 2317 2417 2401 proiioi,
2447 2319 2633 2404 quasi
2665 2320 2867 2385 vilem
2902 2325 2966 2385 et
2998 2319 3355 2400 minimam,

1969 2442 2295 2508 humanae
2322 2444 2494 2509 vitae
2521 2468 2785 2529 prorsus
2809 2445 3133 2524 inutilem,
3154 2445 3359 2511 infor-

1971 2591 2140 2633 mem
2166 2573 2232 2634 et
2257 2569 2659 2651 dissolutam,
2676 2569 3107 2636 miserandam
3134 2570 3355 2655 potius

1971 2715 2168 2777 quam
2188 2693 2652 2774 admirandam,
2672 2699 2739 2760 et
2756 2695 2915 2760 fletu
2930 2695 3142 2780 magis
3160 2717 3357 2780 quam

1972 2819 2274 2905 appetitu
2322 2819 2589 2904 dignam
2636 2819 3016 2886 existimari.

900 3069 936 3153 5
985 3071 1045 3136 5.
1095 3069 1405 3138 Ioannem
1453 3069 1869 3153 Xiphilinum
1913 3070 2154 3154 Leyum
2203 3067 2541 3137 Custodem
2584 3073 2943 3139 renunciat.

567 3317 633 3383 ε’.
684 3317 863 3384 Αλλά
892 3317 912 3354 ¹
964 3327 1171 3385 ταῦτα
1205 3317 1315 3409 μὲν
1352 3317 1497 3409 ἄχρι
1530 3329 1654 3387 νῢν;
1684 3319 1761 3385 τὸ
1810 3310 1860 3385 δ’

478 3443 759 3511 ἐντεῦθεν
795 3450 1028 3523 ὁποῖον,
1063 3447 1218 3510 αὐτό
1253 3470 1403 3535 φασι
1435 3438 1708 3519 δηλώσει
1731 3443 1756 3480 ²
1791 3446 1864 3510 τὸ

478 3580 756 3663 πρᾶγμα.
792 3578 844 3635 Η
873 3570 994 3661 γὰρ
1025 3574 1310 3655 βασιλεία
1337 3579 1374 3646 ἡ
1385 3582 1514 3661 μῶν
1541 3596 1584 3661 χ
1593 3596 1864 3663 ρησιμω-
1899 3604 1904 3609 ·

478 3696 684 3770 τάτην
718 3688 953 3787 σφόδρα
987 3697 1095 3761 καὶ
1141 3696 1492 3787 πρέπουσαν
1540 3708 1670 3774 τοῖς
1717 3698 1864 3788 χρό-

480 3844 601 3898 νοις
649 3824 845 3896 αὐτῆς
891 3818 1010 3893 τὴν
1060 3823 1284 3905 εὐσεβῆ
1336 3821 1580 3895 ταύτην
1641 3815 1865 3912 πρᾶξιν

477 3946 904 4038 λογισαμένη,
953 3946 1060 4010 καὶ
1107 3948 1247 4011 ὅσον
1295 3958 1376 4033 τῇ
1433 3958 1609 4033 κοινῇ
1662 3972 1868 4013 κατα-

489 4070 707 4137 στάσει
737 4072 1130 4162 περιποιήσει
1160 4072 1236 4137 ‘rb
1265 4070 1290 4107 ³
1321 4064 1555 4163 κέρδος,
1588 4072 1692 4137 καὶ
1723 4073 1871 4163 πρὸς

483 4189 762 4276 εὐδοξίαν
805 4200 956 4287 ὁμοῦ
989 4198 1095 4261 καὶ
1126 4198 1273 4287 πρὸς
1306 4198 1699 4263 λυσιτέλειαν
1746 4222 1867 4263 κα-

480 4324 604 4397 λῶς
651 4320 1016 4397 ἑννοήσασα,
1065 4317 1527 4411 προθυμότερόν
1574 4344 1649 4385 τε
1695 4323 1867 4385 κεκί-

484 4470 673 4520 νηται
717 4447 866 4536 πρὸς
893 4446 1014 4520 τὴν
1047 4446 1308 4536 νομικὴν
1349 4446 1726 4536 ἐπιμέλειαν·
1759 4448 1872 4512 καὶ

482 4570 560 4635 τὸ
605 4572 912 4636 ἐλλείπειν
976 4570 1071 4636 ἔτι
1125 4562 1342 4635 δοκοῦν
1389 4579 1482 4654 τῷ
1529 4574 1704 4653 καλῷ
1749 4579 1867 4646 τῆς

484 4699 806 4774 πολιτείας
857 4696 1066 4788 ῥυθμῷ
1098 4696 1240 4787 παρ’
1270 4701 1498 4783 ἑαυτῆς
1547 4695 1872 4787 ἀποχρών-

490 4847 613 4899 τως
642 4826 996 4914 ἀναπληροῖ
1014 4819 1062 4907 ⁴,
1089 4815 1194 4899 ὲξη
1205 4846 1284 4913 γη
1297 4820 1414 4895 τὴν
1438 4821 1546 4886 καὶ
1573 4813 1609 4886 δ
1615 4812 1870 4885 ιδάσκα-

479 4952 591 5015 λον
621 4960 751 5026 τοῖς
782 4950 989 5039 νόμοις
1021 4948 1467 5041 παρασχομένη
1507 4952 1863 5013 ῙΩΑΝΝΗΝ

482 5076 592 5140 τὸν
638 5072 1031 5166 λογιώτατον
1068 5073 1472 5163 ἱλλούστμον,
1507 5070 1726 5161 κριτὴν
1767 5072 1869 5135 ἐπὶ

481 5210 592 5265 τοῦ
645 5190 1028 5291 ἱπποδρόμου
1072 5199 1180 5264 καὶ
1211 5192 1553 5289 ὲξάκτωρα,
1594 5197 1722 5302 τὸν·
1753 5198 1872 5261 31-

2067 3321 2129 3388 5.
2182 3319 2427 3388 Verum
2484 3321 2645 3388 haee
2702 3321 3017 3388 hactenus
3072 3319 3357 3389 fuerint:

1979 3453 2208 3535 postea
2239 3448 2397 3533 quid
2427 3449 2722 3513 futurum
2756 3448 2858 3527 sit,
2893 3471 2995 3514 res
3030 3452 3217 3533 gesta
3249 3448 3360 3513 de-

1975 3573 2387 3639 monstrabit.
2433 3570 2607 3637 Nam
2653 3572 2837 3659 regia
2882 3594 3027 3637 mea
3059 3572 3361 3638 Potestas

1976 3697 2369 3764 conveniens
2417 3697 2711 3781 apprime
2777 3696 3185 3789 temporibus
3230 3694 3362 3761 suis

1973 3822 2099 3888 hoc
2144 3822 2489 3908 negotium
2534 3826 2866 3906 reputanS,
2912 3825 3361 3905 quantumque

1974 3948 2042 4014 id
2055 3947 2456 4033 reipublicae
2477 3946 2871 4013 ordinandae
2892 3945 3205 4024 conferat,
3219 3948 3362 4011 tum

1980 4072 2230 4158 gloriae
2263 4076 2407 4136 tum
2438 4069 2749 4136 utilitatis
2782 4092 2973 4135 causa
3012 4068 3095 4135 ad
3138 4069 3363 4155 legum

1979 4220 2200 4264 curam
2235 4196 2515 4263 alacrius
2548 4200 2876 4261 commota
2922 4198 3053 4260 est:
3088 4198 3157 4259 et
3188 4194 3363 4278 quod

1977 4322 2188 4388 adhuc
2232 4322 2452 4387 deesse
2499 4319 2841 4385 videbatur
2871 4320 3043 4386 bono
3091 4308 3369 4404 politiae*

1981 4445 2213 4524 ordini,
2261 4466 2435 4509 nunc
2466 4445 2719 4509 abunde
2762 4444 3159 4529 suppeditat,
3209 4444 3363 4508 dum

1978 4570 2407 4655 interpretem
2431 4567 2943 4653 magistrumque
2968 4567 3225 4654 legibus
3251 4568 3365 4632 dat

1977 4692 2335 4761 IOHANN
2336 4694 2467 4759 EM
2490 4693 3059 4779 sapientissimum,
3080 4692 3358 4758 iudioem

1974 4820 2300 4885 illustrem
2356 4818 2425 4883 in
2453 4792 2927 4903 *Hippodromo
2984 4823 3051 4883 et
3106 4821 3364 4883 exacto-

1977 4967 2136 5024 rem,
2173 4946 2612 5031 cognomento
2652 4939 3214 5020 XIPHILINUM,
3252 4940 3365 5026 qui

1976 5070 2154 5136 haud
2201 5072 2470 5136 obscure
2516 5068 2625 5135 vel
2666 5067 3053 5153 ignobiliter
3085 5071 3199 5132 aut
3230 5088 3367 5131 am-

1976 5196 2176 5283 bigue
2207 5196 2322 5260 aut
2347 5196 2616 5261 obscure
2636 5188 2661 5224 ⁸
2694 5192 2969 5258 multam
3002 5214 3185 5257 suam
3220 5212 3365 5256 eru-

628 5484 646 5521 1
673 5482 828 5538 Hine
851 5482 1265 5555 paragraphus
1289 5481 1326 5536 8
1352 5476 1764 5550 Gottingensis
1805 5474 2096 5533 editionis
2123 5508 2168 5519 —
2195 5477 2218 5513 ²
2244 5474 2445 5532 Codex
2468 5472 2635 5545 prius
2673 5440 2909 5540 ἑειλώσει,
2950 5470 3057 5529 sed
3094 5469 3369 5528 emendat

485 5574 714 5628 δηλώσει.
749 5603 786 5613 -
823 5574 848 5609 3
883 5570 1115 5627 Codicis
1151 5570 1390 5641 pagella
1427 5568 1616 5623 altera
1651 5564 1780 5621 folii
1815 5566 1937 5620 284.
1974 5596 2013 5607 -
2045 5568 2070 5602 ⁴
2108 5565 2202 5622 Sic
2239 5562 2440 5618 Codex
2477 5568 2539 5618 et
2575 5560 2755 5617 editio
2795 5559 3222 5633 GottingensiS,
3262 5559 3370 5615 sed.

481 5661 606 5718 Mai
629 5662 812 5718 habet
837 5665 1128 5731 ἄποκληροῒ.
1163 5689 1202 5702 -
1237 5661 1260 5697 ⁵
1295 5656 1495 5713 Verba
1529 5656 1678 5712 haee
1715 5654 1832 5713 duo
1867 5658 2146 5711 mutuata
2181 5656 2327 5709 sunt
2362 5669 2398 5707 a
2432 5649 2625 5723 prima
2660 5649 2937 5706 versione
2971 5649 3097 5705 Mai
3128 5649 3171 5704 f.
3208 5648 3261 5703 5.
