4573 6666
1205 799 1295 844 m*
1340 799 1701 845 ATHERAEO
1749 799 2553 850 cons'rnff‘rmopom‘mno
3244 784 3327 852 15

385 1013 618 1076 οἱονεί
643 1037 789 1077 τινα
817 1011 1012 1104 μέγαν
1040 1003 1492 1085 οἰκοδεσπότην
1527 1016 1685 1096 αὐτῇ
1717 1010 1823 1074 καὶ

390 1139 720 1212 οἰκιστήν
763 1161 836 1203 τε
865 1137 886 1173 ¹
921 1138 1027 1202 καὶ
1058 1137 1305 1227 φύλακα
1336 1141 1636 1227 λαμπρῶς
1681 1139 1842 1204 ὲπε-.

394 1265 782 1354 στήσαμεν·
819 1261 868 1351 ᾧ
915 1265 1024 1330 καὶ
1070 1265 1178 1330 τὸν
1226 1269 1425 1330 ἐκεῖσε
1459 1263 1618 1330 θεῖον
1651 1265 1820 1352 ναὸν,

395 1395 480 1455 οὐ
539 1403 670 1469 τῆς
718 1402 1096 1483 μαρτυρικῆς
1135 1390 1340 1480 χωρὶς,
1373 1384 1563 1478 οἶμαι,
1614 1413 1826 1455 συνευ-

399 1505 649 1592 ὃοκίας
696 1517 828 1606 ἅμα
873 1517 980 1580 καὶ
1026 1513 1440 1604 ἀντιλήψεως,
1487 1518 1559 1580 ἐκ
1606 1525 1822 1590 καινῆς

401 1647 874 1736 ἀνηγείραμεν,
898 1642 1006 1707 καὶ
1037 1647 1118 1718 εἰς
1157 1641 1310 1731 ἱερὸν
1345 1641 1818 1732 φροντιστήριον

400 1770 536 1834 τὸν
596 1763 762 1834 οἶκον
817 1766 1388 1855 κατεσκευάσαμεν.
1449 1773 1644 1830 Εσται
1691 1788 1826 1830 τοι-

404 1905 681 1986 γαροῦν,
717 1895 866 1981 ὅπερ
901 1894 1166 1983 εἴρηται,
1212 1890 1404 1967 τόπος
1455 1889 1614 1979 μὲνῖ
1663 1893 1828 1980 ἀφω·

415 2020 714 2110 ρισμένος
761 2024 897 2083 ἐκεῖ
920 2027 1050 2093 τοῖς
1083 2022 1261 2107 ἐρῶσι
1292 2028 1408 2092 τῆς
1448 2025 1572 2080 τῶν
1621 2015 1823 2104 νόμων

415 2143 798 2234 μαθήσεως,
847 2143 912 2208 ὃν
961 2147 1170 2218 αὐτοῖς
1226 2142 1302 2208 τὸ
1348 2141 1652 2231 ἡμέτερον
1701 2144 1826 2229 ἐφι-

415 2273 834 2360 λοτιμήσατο
865 2269 1111 2359 κράτος,
1157 2271 1218 2333 ὲν
1253 2262 1302 2351 ᾧ
1349 2267 1456 2331 καὶ
1498 2267 1605 2331 τὸν
1655 2257 1828 2330 διδα-

422 2395 695 2460 σαλικὸν
733 2385 942 2484 ἵδρυσε
974 2391 1204 2486 θρόνον·
1227 2391 1253 2427 ³
1285 2391 1392 2455 καὶ
1424 2393 1498 2456 τὸ
1531 2391 1652 2455 ἀπὸ
1685 2398 1827 2454 τοῦ·

427 2512 510 2586 δε
570 2523 1166 2586 ΔΙΔΑΣΚΑΛΕῙΟΝ
1229 2517 1337 2606 μὲν
1403 2521 1684 2580 ΝΟΜΩΝ
1747 2515 1824 2580 τὸ

429 2645 861 2737 εὐαγέστατον
909 2644 1146 2732 οἴκημα
1170 2644 1198 2676 ⁴
1244 2640 1636 2716 κληθήσεται
1683 2649 1827 2704 τοῦ-

423 2793 534 2848 το,
583 2770 1090 2835 ΝΟΜΟΦΥΛΑΞ
1137 2759 1204 2833 δὲ
1250 2775 1282 2832 ὁ
1316 2759 1712 2842 διδάσκαλος·
1755 2769 1823 2831 οὐ

431 2894 550 2984 μὲν
597 2889 700 2960 οὖν
749 2899 959 2970 ἁπλῶς
1021 2884 1146 2958 οὐδ’
1205 2891 1481 2983 ἀλόγως,
1531 2889 1669 2954 ἀλλ’
1721 2891 1824 2954 ὅτι

433 3019 660 3108 νόμους
707 3009 1036 3096 διδάσκων,
1082 3015 1191 3080 καὶ
1237 3015 1574 3105 φυλάττειν
1625 3013 1823 3102 ἔλαχε

435 3145 678 3234 νόμους.
727 3149 927 3209 Τοῦτο
976 3142 1084 3231 μὲν
1134 3138 1218 3217 οἷς
1265 3134 1465 3220 ἑνάξει
1509 3139 1653 3216 τοὺς
1702 3163 1825 3227 μα-

438 3267 890 3359 θητευομένους
938 3272 1127 3351 αὐτῷ,
1155 3265 1180 3300 ⁵
1219 3266 1364 3358 πρὸς
1398 3262 1683 3358 φυλακὴν
1717 3263 1825 3328 καὶ

440 3398 816 3487 συντήρησιν
863 3406 980 3471 τῆς
1023 3404 1150 3458 τῶν
1193 3394 1396 3483 νόμων
1447 3392 1824 3477 βουλήσεως,

441 3517 790 3614 σαφηνίζων
814 3522 1025 3587 πάντα
1059 3524 1286 3597 καλῶς,
1312 3518 1420 3584 καὶ
1447 3510 1822 3608 παραδιδοὺς

442 3654 523 3724 ὡς
556 3646 681 3713 οἷόν
712 3670 786 3711 τε
818 3646 938 3721 τὴν
987 3641 1404 3734 νομομάθειαν
1455 3642 1824 3708 ἄπταιστον·

441 3783 633 3840 τοῦτο
682 3764 734 3838 δ’
783 3774 882 3837 ὅτι
937 3763 1196 3863 φυλάξει
1255 3770 1363 3834 καὶ
1406 3768 1520 3845 τὰς
1571 3770 1824 3854 βίβλους

443 3909 568 3964 τῶν
617 3898 840 3987 νόμων,
889 3896 958 3972 ἃς
997 3900 1066 3961 ἐκ
1112 3907 1228 3973 τῆς
1273 3900 1474 3961 ἐκεῖσε
1523 3898 1826 3959 ΒῙΒΛΙΟ-

445 4030 716 4089 ΘΗΚΗΣ
747 4022 917 4112 παρά
941 4032 1050 4087 τοῦ
1083 4020 1554 4106 εὑλαβεστάτου
1591 4022 1829 4105 βιβλιο-

444 4148 714 4239 φὺλακος
750 4154 832 4223 εἰς
865 4146 1188 4239 ἐλευθέραν
1219 4143 1494 4233 λήψεται
1533 4156 1755 4237 χρῆσιν
1781 4146 1824 4222 ⁶,

442 4274 549 4337 καὶ
579 4274 727 4363 πρὸς
757 4272 834 4337 τὸ
863 4262 1080 4337 δοκοῦν
1115 4276 1286 4353 αὐτῷ
1313 4279 1822 4359 μεταχειριεῖται·

447 4386 691 4470 δηλαδὴ
729 4396 842 4473 τὰς
874 4388 1358 4486 χρειωῧεστέρας
1390 4392 1497 4457 καὶ
1525 4394 1674 4483 πρὸς
1707 4392 1826 4459 τὴν

448 4516 857 4590 διδασκαλίαν
909 4531 1036 4587 τῶν
1085 4522 1286 4609 νόμων
1334 4518 1826 4612 χρησιμωτέρας.

445 4648 568 4713 Καὶ
597 4646 718 4740 γὰρ
750 4640 826 4721 δὴ
864 4648 973 4713 καὶ
1004 4658 1192 4713 τοῦτο
1233 4651 1574 4723 λυσιτελῶς
1606 4644 1832 4729 ᾠκονό-

445 4798 610 4864 μησε
641 4776 716 4840 τὸ
751 4774 996 4860 εὐσεβὲς
1041 4780 1219 4861 ἡμῶν
1253 4774 1498 4865 κράτος,
1549 4772 1620 4837 ἵν’
1671 4774 1832 4837 οἴκο-

444 4899 546 4968 θεν
593 4902 729 4991 ἔχοι
773 4898 858 4966 τὰ
901 4912 1018 4977 τῆς
1063 4900 1292 4989 τέχνης
1341 4900 1575 4991 ὄργανα
1619 4898 1830 4965 πάντα

1932 1037 2058 1099 que
2103 1017 2433 1082 custodem
2468 1017 2805 1102 splendido
2851 1019 2984 1084 ritu
3014 1020 3328 1104 imposui-

1938 1163 2100 1205 mus,
2129 1141 2248 1206 cui
2281 1164 2536 1206 sacrum
2570 1165 2849 1228 quoque,
2884 1145 3058 1228 quod
3085 1144 3327 1212 ibidem

1936 1271 2034 1334 est
2067 1267 2406 1351 templum,
2434 1290 2566 1332 non
2603 1267 2739 1333 sine
2771 1269 2977 1353 ipsius
3000 1271 3324 1356 martyriS,

1935 1399 2009 1460 ut
2039 1397 2221 1479 put0,
2254 1392 2669 1477 beneplacito
2702 1398 2769 1459 et
2803 1393 3179 1478 acceptione
3212 1417 3328 1460 no-

1932 1518 2584 1605 vitertexcitavimuS,
2622 1524 2689 1584 et
2720 1519 2789 1583 in
2820 1542 3075 1584 sacrum
3106 1543 3330 1587 mona·

1933 1643 2200 1709 sterium
2248 1643 2439 1708 aedes
2477 1642 2625 1707 illas
2675 1644 3132 1708 convertimus,
3180 1644 3329 1710 Erit

1931 1767 2156 1854 igitur,
2216 1772 2291 1834 ut
2346 1767 2645 1848 diximuS‚
2702 1767 2881 1834 locus
2926 1767 3061 1832 illic
3116 1768 3331 1833 deter-
3424 1791 3435 1806 ·

1931 1893 2217 1958 minatus
2265 1892 2491 1978 legum
2542 1891 2990 1959 discendarum
3056 1894 3326 1978 cupidiS,

1935 2039 2129 2101 quem
2177 2021 2401 2082 nostra
2432 2016 2736 2082 Potestas
2778 2017 3139 2083 liberaliter
3168 2018 3329 2104 ipsis

1933 2143 2214 2228 elargita
2249 2148 2365 2207 est.
2392 2142 2620 2226 Ibique
2646 2142 3097 2228 magistralem
3130 2142 3327 2208 etiam

1932 2268 2307 2334 cathedram
2354 2267 2604 2332 statuit:
2654 2272 2851 2352 atque
2896 2267 3132 2333 abhinc
3177 2267 3330 2333 reli·

1932 2393 2371 2480 giosissimum
2410 2392 2669 2476 quidem
2704 2391 3071 2458 aedificium
3102 2393 3328 2477 appel-

1931 2518 2176 2584 labitur
2223 2515 2567 2582 SGHOLA
2622 2516 2951 2596 LEGUM,
3013 2517 3329 2603 magister

1932 2649 2151 2709 autem
2197 2641 2890 2708 NOMOPHYLACIS
2938 2665 3177 2708 nomen
3208 2642 3327 2708 ha-

1928 2769 2130 2834 bebit.
2157 2768 2393 2852 Neque
2416 2767 2485 2833 id
2510 2767 2754 2834 frustra
2777 2770 2884 2835 vel
2915 2774 3181 2847 temere,
3214 2769 3328 2834 sed

1931 2895 2084 2979 quia
2116 2895 2300 2980 leges
2333 2894 2610 2973 docebit,
2641 2893 2828 2978 eique
2855 2894 3080 2980 legum
3112 2898 3329 2959 custo-

1932 3019 2036 3085 dia
2071 3020 2525 3086 commendata
2558 3023 2689 3084 est:
2726 3023 2793 3084 et
2815 3017 3027 3102 primo
3061 3017 3325 3102 quidem

1929 3149 2005 3209 ut
2037 3145 2388 3230 discipulos
2421 3145 2501 3208 ad
2540 3143 3037 3209 custodiendum
3070 3165 3328 3224 conser-

1933 3270 2348 3355 vandumque
2374 3270 2599 3357 legum
2625 3291 2884 3337 sensum
2910 3268 3203 3347 deducat,
3222 3289 3327 3333 re-

1932 3401 2035 3463 cte
2069 3396 2286 3461 omnia
2332 3396 2684 3474 declarans,
2722 3395 3165 3479 sinceramque
3206 3415 3325 3478 pro

1935 3521 2182 3586 viribus
2196 3521 2357 3586 iuris
2382 3521 2799 3605 prudentiam
2824 3520 3081 3595 docens;
3097 3518 3326 3584 deinde

1935 3651 2010 3711 ut
2047 3646 2268 3732 legum
2306 3646 2507 3711 libros
2539 3645 2886 3723 custodiat,
2922 3666 3085 3729 quos
3115 3665 3194 3708 ex
3227 3664 3324 3720 ea,

1935 3795 2102 3857 quae
2147 3772 2284 3837 illic
2331 3776 2431 3837 est
2477 3766 3102 3848 BIBLIOTHEGA‚
3143 3790 3181 3832 a
3226 3789 3329 3832 re·

1933 3896 2355 3983 ligiosissimo
2388 3894 2570 3960 illius
2620 3897 3078 3959 conservatore
3120 3892 3203 3956 ad
3246 3890 3327 3956 li-

1936 4024 2164 4088 berum
2209 4044 2399 4086 usum
2447 4019 2745 4104 accipiet,
2783 4040 3033 4104 proque
3074 4038 3192 4082 suo
3226 4037 3329 4081 ar·

1937 4148 2134 4213 bitrio
2170 4144 2511 4214 adhibebit
2534 4140 2582 4223 ⁷,
2618 4144 2919 4208 meliores
2967 4141 3213 4207 scilicet
3258 4144 3328 4205 et

1936 4272 2160 4357 legum
2205 4268 2589 4355 magisterio
2637 4266 2952 4333 utiliores
3019 4264 3325 4348 Namque

1939 4402 2006 4463 et
2049 4396 2176 4462 hoc
2231 4394 2484 4461 curavit
2543 4394 2653 4479 pia
2719 4397 2942 4458 nostra
3002 4390 3326 4468 PotestaS‚

1939 4527 2013 4589 ut
2056 4522 2113 4587 is
2161 4520 2337 4587 domi
2380 4520 2623 4585 habeat
2670 4518 2829 4583 artis
2876 4539 3030 4582 suae
3086 4516 3327 4581 instru-

1937 4652 2160 4715 menta
2205 4645 2445 4725 omnia,
2482 4644 2595 4729 qui
2627 4668 2665 4709 a
2695 4642 2997 4725 Principe
3030 4640 3113 4705 ad
3158 4638 3328 4704 hanc

1940 4777 2260 4859 perpetuo
2296 4770 2717 4837 exercendam
2742 4763 2768 4801 ⁸
2816 4768 3059 4832 electus
3091 4763 3326 4841 fuerit;

1939 4921 2151 4985 neque
2208 4898 2370 4977 haec
2418 4896 2500 4961 ab
2562 4892 2707 4959 aliis
2753 4897 2979 4959 mutua
3027 4888 3324 4974 accipiat,

585 5168 604 5205 ¹
645 5165 928 5224 Secundis
956 5165 1115 5223 curis
1141 5164 1414 5221 additum
1439 5170 1534 5221 est
1564 5187 1612 5219 τι
1636 5164 1702 5223 in
1723 5182 1938 5221 rasura
1977 5163 2214 5219 litterae
2239 5158 2649 5235 praecedentis
2674 5178 2716 5225 ν,
2740 5174 2894 5229 quae
2929 5158 3267 5211 renovatur.
3290 5181 3329 5196 -

443 5256 592 5329 ’μιν
631 5256 902 5313 additum
927 5262 1024 5312 est
1048 5256 1110 5312 in
1145 5254 1348 5311 codice
1387 5256 1662 5312 secundis
1700 5254 1876 5311 curis.
1904 5256 1990 5296 -3
2015 5252 2216 5311 Codex
2241 5250 2481 5345 scripsit
2510 5252 2669 5320 ἵδρυσι
2693 5250 2853 5317 θρόνον
2858 5251 3108 5320 ,postea
3134 5250 3330 5299 trans-

443 5346 718 5419 ponenda
753 5348 913 5417 θρόνον
953 5347 1116 5415 ἵδρυσε
1155 5344 1546 5417 superpositis
1583 5343 1904 5400 numericis
1941 5340 2132 5411 notis;
2171 5364 2202 5395 α
2236 5316 2419 5397 vei-bo
2455 5341 2616 5409 θρόνον
2622 5342 2736 5405 ,et
2778 5338 2808 5401 β
2844 5335 3026 5393 verbo
3066 5336 3244 5405 ιδρυσι.
3280 5364 3327 5374 -

442 5436 467 5473 ⁴
506 5434 740 5491 Codicis
777 5434 1015 5506 pagella
1041 5433 1230 5489 altera
1251 5432 1382 5489 folii
1418 5434 1607 5488 285„-

441 5523 682 5579 habent.
710 5554 752 5566 ··

1629 5436 1652 5471 ⁵
1675 5432 1798 5489 Mai
1823 5430 2048 5488 omittit
2074 5432 2208 5500 αὐτῷ
2237 5429 2345 5486 sed
2382 5429 2568 5483 codex
2604 5433 2665 5483 et
2702 5424 2884 5481 editio
2912 5421 3327 5494 Gottingensis

777 5524 800 5561 ⁶
823 5523 1046 5579 Maiani
1071 5522 1399 5595 apographi
1417 5521 1617 5594 graeci
1642 5527 1848 5577 textus
1871 5518 1972 5575 fol.
2002 5520 2086 5575 14.
2111 5550 2151 5562 -
2173 5520 2197 5557 ⁷
2223 5517 2529 5574 Versionis
2554 5514 2778 5572 latinae
2814 5512 3085 5569 Maianae
3110 5512 3213 5568 fol.
3243 5510 3326 5565 13.

443 5643 483 5654 -
518 5614 542 5649 ⁸
577 5612 848 5679 Quatuor
886 5612 1071 5671 verba
1107 5612 1416 5685 superiora
1450 5609 1711 5667 versioni
1748 5608 2038 5666 addimus.
