4573 6666
455 1102 564 1168 λὸν
607 1099 994 1190 νομοθεσίαις
1027 1105 1302 1194 ἀρίσταις
1342 1106 1839 1193 ἐπικοσμοῦντες,

456 1228 565 1294 καὶ
610 1221 686 1294 δι’
739 1229 1102 1319 ἀμφοτέρων
1135 1219 1482 1307 δεικνύντες
1513 1242 1628 1308 τῆς
1665 1234 1844 1316 βασι-

454 1361 634 1434 λικῆς
683 1359 1036 1444 ἐπιστήμης
1075 1359 1152 1422 τὸ
1185 1351 1429 1447 ἀξίωμα
1474 1357 1582 1422 καὶ
1626 1358 1700 1423 τὸ
1738 1359 1842 1447 μέ-

454 1481 653 1573 γεθος.
689 1481 867 1548 Αλλά
898 1487 1006 1548 καί
1035 1507 1150 1574 περ
1185 1485 1346 1550 οὕτω
1381 1475 1842 1563 σπουδάσαντες

455 1605 596 1697 περὶ
623 1607 744 1682 τὴν
779 1617 903 1672 τῶν
931 1609 1133 1698 νόμων
1165 1609 1378 1699 τιμὴν,
1413 1610 1561 1676 καὶ.1
1595 1611 1840 1686 πολλὴν

457 1739 540 1811 εἰς
571 1745 760 1801 τοῦτο
789 1737 868 1802 τὸ
903 1737 1082 1828 μέρος
1105 1739 1546 1829 πραγματείαν
1575 1743 1846 1830 εἰσενεγ-

456 1860 690 1938 κόντες,
727 1867 805 1938 ὡς
837 1837 1092 1938 πολλοῖς
1121 1863 1229 1951 μὲν
1255 1863 1468 1940 κόποις
1500 1863 1608 1928 καὶ
1634 1863 1842 1941 πόνοις

455 1987 576 2062 τὴν
610 1993 674 2056 ἐν
703 1989 950 2066 τούτοις
981 1992 1282 2081 ἀμετρίαν
1319 1995 1660 2070 συστεῖλαι,
1684 1997 1843 2057 πολ-

455 2115 542 2182 λὰ
588 2108 656 2183 δὲ
684 2127 904 2206 καμεῖν
953 2116 1094 2208 περὶ
1130 2117 1250 2191 τὴν
1296 2119 1624 2208 ἑρμηνείαν
1653 2119 1678 2162 ⁸
1724 2129 1842 2196 τῆς

462 2235 762 2321 [ταλίδος,
809 2242 948 2309 καθ’
982 2243 1058 2309 ἢν
1094 2250 1130 2317 ’ἠ
1167 2255 1292 2309 τῶν
1335 2245 1535 2333 νόμων
1583 2245 1842 2334 ἀρχαιό-

455 2392 570 2445 της
619 2355 950 2434 συνέκειτο.
1003 2373 1134 2432 Οὐκ
1181 2370 1365 2459 ὀλίγα
1414 2359 1482 2433 δὲ
1525 2368 1673 2458 πρὸς
1719 2368 1840 2440 τὴν

455 2493 695 2560 τούτων
759 2497 1240 2576 ταλαιπωρῆσαι
1304 2495 1680 2584 σαφήνειαν,
1745 2496 1840 2559 ἔτι

457 2611 525 2688 δὲ
571 2621 680 2686 καὶ
723 2619 844 2693 τὴν
891 2619 1328 2710 ἀνακάθαρσιν·
1389 2623 1488 2686 ὅτι
1535 2624 1839 2699 πλείστης
1877 2621 1884 2628 ’

420 2731 774 2836 φροντίδος
821 2744 928 2810 καὶ
989 2736 1264 2822 σπουδῆς
1327 2740 1618 2826 ἀξιῶσαι,
1669 2747 1728 2812 ἕν
1775 2773 1842 2812 τι

454 2871 794 2937 κάλλιστον
841 2881 1102 2963 πρᾶγμα
1149 2872 1256 2936 καὶ
1309 2882 1402 2957 τῷ
1447 2883 1632 2957 κοινῷ
1681 2897 1841 2962 συμ-

455 2997 839 3088 φορώτατον,
889 3003 1000 3064 οὐκ
1045 2991 1184 3064 οἶδα
1229 2998 1418 3066 πόθεν
1477 2992 1602 3065 οὐδ’
1655 3002 1837 3079 ὅπως,

453 3122 796 3212 παρέλιπον
825 3115 1203 3198 ἀδιοίκητον.
1231 3129 1318 3188 Ων
1338 3125 1364 3165 ⁴
1397 3123 1517 3216 γάρ
1541 3123 1659 3198 τὴν
1687 3136 1842 3216 χρῆ-

457 3273 548 3313 σιν
581 3251 908 3339 ἐτίμησαν,
945 3251 1186 3317 τούτων
1233 3243 1550 3343 ὑπερεῖδον
1597 3252 1716 3326 τὴν
1767 3251 1842 3317 ἅ-

456 3400 698 3449 σκησιν·
745 3376 852 3441 καὶ
881 3375 979 3454 οὓς
1013 3369 1422 3468 διαφερόντως
1461 3368 1840 3464 ᾐδέσθησαν,

453 3498 698 3577 τούτοις
744 3504 858 3565 οὐκ
901 3494 1140 3589 ἐξεῦρον
1189 3492 1586 3566 διδάσκαλον.

546 3623 726 3689 Αλλὰ
747 3622 891 3700 τοὺς
917 3624 1532 3717 συμβολαιογράφους
1559 3624 1668 3715 μὲν
1697 3630 1844 3691 ἀνα-

455 3750 746 3838 κρίνουσι,
778 3748 885 3813 καὶ
914 3748 1057 3826 τοὺς
1105 3749 1477 3840 συνηγόρους
1508 3750 1533 3791 ⁶
1565 3747 1843 3815 εὐθύνου-

458 3899 588 3952 σιν,
636 3874 774 3941 ὅθεν
821 3898 896 3941 τε
939 3876 1046 3941 καὶ
1108 3878 1269 3951 ὅπως
1332 3876 1417 3942 τὰ
1462 3886 1586 3941 τῶν
1635 3878 1838 3966 νόμων

452 4001 830 4093 παρέλαβον.
895 4003 1016 4067 Καὶ
1077 4006 1148 4068 οὐ
1210 4002 1349 4093 πρὶν
1412 4003 1839 4095 ἐπιτρέπουσιν

455 4118 659 4191 οὐδενὶ
703 4135 832 4192 τῶν
879 4125 1178 4194 τοιούτων
1213 4128 1250 4203 ἢ
1302 4140 1424 4206 τοῖς
1471 4131 1840 4215 σωματείοις

456 4251 1014 4344 ἐγκαταλέγεσθαι,
1041 4251 1080 4327 ἦ
1107 4264 1236 4330 τοῖς
1261 4254 1672 4346 λογιωτάτοις
1707 4258 1843 4320 ἐνα-

455 4378 884 4472 πογράφεσθαι
917 4380 1188 4471 ῥήτορσι,
1229 4380 1367 4471 πρὶν
1417 4379 1489 4447 ἂν
1523 4382 1630 4445 καὶ
1663 4372 1840 4447 διδα-

457 4504 722 4581 σκάλους
768 4510 1004 4570 ἑαυτῶν
1019 4498 1432 4589 κἀποδείξωσι,
1479 4508 1588 4571 καὶ
1616 4507 1840 4597 χρόνον

455 4630 854 4720 γνωρίσωσιν,
881 4628 1106 4693 ὁπόσον
1131 4620 1448 4720 διέτριψαν
1473 4636 1535 4696 ἑν
1561 4641 1690 4707 τοῖς
1712 4640 1840 4696 τῶν

455 4752 658 4841 νόμων
709 4752 1093 4842 μαθήμασιν.
1131 4756 1326 4821 Αὐτὸν
1377 4747 1429 4821 δ’
1465 4758 1694 4823 ἐκεῖνον
1729 4758 1838 4822 τὸν

455 4886 660 4943 ταῦτα
687 4879 1029 4968 φιλοπόνως
1056 4870 1410 4959 διδάξοντα,
1437 4880 1548 4944 καὶ
1573 4879 1688 4954 τὴν
1715 4889 1840 4944 τῶν

437 5001 658 5105 ,νόμων
709 4994 942 5078 εἴδησιν
989 5004 1233 5082 τούτοις
1276 4986 1500 5097 άκριβῇ
1549 4997 1844 5095 παραδώ-

458 5150 672 5205 σοντα,
721 5127 1127 5220 μακροθύμως
1177 5124 1242 5195 εὖ
1291 5121 1464 5220 μάλα
1498 5131 1605 5196 καὶ
1647 5154 1843 5221 μεγα-

456 5249 762 5343 λοψύχως,
811 5248 1224 5347 παρέδραμον.
1275 5260 1406 5322 Οὐκ
1456 5248 1649 5347 ἄνδρα
1692 5223 1841 5347 πρὸς

1229 887 1318 932 m·
1364 887 1726 937 maranno
1774 891 2570 946 consum-mosomum
3290 890 3331 954 9

1311 981 3329 1008 Ἣ

1949 1113 2335 1192 dornarunt3
2384 1121 2451 1181 et
2507 1121 2781 1202 utraque
2846 1143 2916 1185 re
2974 1121 3333 1206 sapientiae
3434 1141 3445 1152 ·

1947 1241 2188 1326 regalis
2251 1241 2645 1328 dignitatem
2692 1267 2767 1309 ac
2811 1246 3331 1334 magnitudinem

1947 1365 2576 1434 demonstraverunt.
2596 1368 2717 1434 Sed
2736 1370 2908 1435 enim
2934 1394 3329 1456 quamquam

1947 1492 2343 1559 honorandis
2387 1495 2645 1581 legibus
2691 1501 3035 1583 tantopere
3069 1500 3335 1565 studue-

1949 1625 2124 1698 runt,
2145 1620 2423 1686 multam
2442 1622 2545 1686 his
2570 1644 2835 1706 operam
2860 1622 3331 1708 impendenteS,

1949 1746 2306 1830 multisque
2338 1746 2670 1812 laboribus
2718 1752 2785 1813 et
2831 1748 3334 1816 elucubrationi-

1944 1873 2066 1938 bus
2099 1873 2471 1939 earumdem
2494 1872 2517 1912 ²
2534 1873 3035 1940 redundantiam
3064 1875 3335 1941 restrin-

1948 2002 2180 2083 gentes
2212 1997 2526 2083 gravique
2562 1999 2777 2064 studio
2812 2023 2891 2064 ex
2923 1998 3174 2080 ItalicO,
3204 2023 3333 2086 quo

1947 2123 2102 2189 olim
2149 2124 2428 2209 scriptae
2475 2124 2677 2204 fuere,
2722 2147 3017 2221 sermone
3057 2125 3335 2191 transfe-

1944 2253 2196 2314 rentes:
2244 2247 2511 2332 insuper
2542 2248 2719 2314 haud
2765 2249 3206 2334 perfunctorie
3254 2251 3336 2316 ad

1949 2397 2170 2440 earum
2196 2373 2703 2440 declarationem
2724 2375 3192 2455 incumbenteS,
3215 2398 3337 2444 nec

1947 2523 2080 2566 non
2115 2505 2182 2566 et
2225 2501 2521 2585 ipsarum
2552 2500 2935 2586 purgationi
2980 2500 3338 2585 plurimum

1947 2626 2234 2691 studium
2267 2628 2333 2690 et
2369 2648 2635 2710 operam
2663 2624 3099 2702 conferentes;
3132 2648 3336 2690 unum

1949 2751 2104 2836 quid
2129 2755 2351 2816 tamen
2383 2749 2899 2836 pulcherrimum
2932 2754 2998 2816 et
3026 2749 3339 2834 reipubli-

1946 2899 2058 2942 cae
2114 2899 2431 2961 perquam
2491 2876 2674 2956 utile,
2724 2875 2940 2942 nescio
2990 2876 3335 2960 quomod0,

1947 3001 2562 3086 praetermiserunt3
2604 3001 2757 3087 quia
2803 3001 3125 3079 videlicet,
3176 3023 3337 3086 qua-

1945 3150 2091 3192 rum
2157 3127 2513 3193 utilitatem
2576 3125 3013 3211 suspiciebant
3034 3176 3051 3204 ,
3115 3148 3339 3190 earum

1947 3252 2402 3318 scholasticam
2466 3251 2955 3316 institutionem
3019 3250 3337 3337 neglexe-

1945 3384 2118 3459 runt,
2153 3383 2220 3444 et
2251 3402 2412 3463 quas
2459 3377 2727 3463 plurimi
2768 3376 3223 3456 aestimabant,
3257 3376 3337 3441 iis

1947 3504 2337 3589 magistrum
2378 3526 2511 3569 non
2562 3503 3055 3568 adinvenerunt.

2037 3626 2163 3693 Sed
2186 3626 2578 3694 tabelliones
2604 3628 2994 3712 approbant,
3023 3631 3089 3693 et
3116 3632 3339 3711 patro-

1945 3775 2065 3817 nos
2089 3753 2359 3818 idoneos
2376 3752 2692 3831 iudicant,
2718 3752 3055 3818 undelibet
3080 3757 3146 3817 et
3173 3774 3341 3837 quo-

1903 3850 1922 3881 ⁵
1945 3878 2308 3945 modolibet
2348 3879 2528 3964 leges
2561 3876 2937 3955 didicerint3
2981 3899 3191 3962 neque
3236 3876 3339 3943 iu-

1947 4004 2124 4083 bent,
2173 4008 2249 4069 ut
2280 4003 2517 4069 horum
2562 4025 2755 4069 nemo
2801 4002 2909 4068 vel
2952 4002 3022 4067 in
3057 4001 3337 4087 collegia

1948 4132 2312 4213 cooptetur,
2366 4128 2473 4193 vel
2518 4128 3145 4213 sapientissimorum
3188 4131 3341 4195 rhe-

1947 4257 2166 4319 torum
2198 4276 2470 4319 numero
2510 4254 2933 4333 adscribatur,
2984 4258 3336 4341 antequam

1950 4378 2303 4463 magistros
2328 4402 2477 4444 suos
2501 4379 2969 4458 demonstrent,
3000 4384 3065 4445 et
3090 4384 3338 4465 quanto

1947 4507 2242 4588 tempore
2285 4503 2358 4568 in
2402 4483 2635 4589 legum·
2688 4504 3043 4589 disciplinis
3089 4506 3331 4571 versati

1948 4628 2080 4693 sint
2132 4628 2588 4695 manifestent:
2646 4629 2978 4695 hominem
3034 4629 3331 4714 denique,

1948 4755 2060 4840 qui
2084 4755 2247 4821 haec
2270 4755 2493 4821 sedulo
2531 4757 2837 4821 docturus
2869 4761 3056 4836 esset,
3080 4756 3337 4841 legum-

1950 4903 2076 4964 que
2111 4885 2480 4946 accuratam
2506 4880 2843 4946 scientiam
2866 4881 3333 4967 longanimiter

1948 5006 2291 5092 multoque
2322 5006 2469 5071 nisu
2502 5006 2595 5071 eis
2618 5006 2997 5086 tradituruS,
3024 5028 3157 5071 non
3184 5028 3336 5071 con-

1947 5134 2335 5199 stituerunt:
2385 5154 2595 5217 neque
2628 5132 2840 5197 virum
2886 5130 3038 5196 huic
3081 5130 3338 5197 muneri

1946 5258 2256 5324 idoneum
2290 5258 2697 5343 delegerunt3
2734 5278 2943 5341 neque
2977 5260 3338 5322 conventus

601 5534 620 5571 ¹
661 5530 888 5591 'Pextus
923 5536 1125 5608 graeci
1159 5536 1380 5594 Maiani
1414 5536 1515 5594 fol.
1556 5538 1640 5594 10.
1663 5568 1710 5581 -
1731 5540 1755 5576 2
1791 5535 2170 5611 Autographi
2192 5536 2467 5593 Maiauae
2505 5536 2799 5594 versionis
2832 5535 2933 5593 fol.
2972 5538 3024 5592 9.
3050 5568 3099 5579 -
3120 5538 3145 5575 3
3178 5536 3338 5592 Male

455 5622 617 5694 apud
653 5624 777 5680 Mai
813 5630 1022 5696 ἢρμην...
1065 5626 1358 5684 scribitur.
1382 5658 1428 5670 -
1448 5630 1475 5665 ⁴
1507 5627 1664 5685 Hinc
1699 5628 2114 5701 paragraphus
2139 5628 2176 5682 4
2202 5625 2618 5698 Gottingensis
2662 5626 2954 5684 editionis.
2979 5658 3023 5669 —
3046 5629 3070 5665 ⁵
3107 5626 3337 5683 Codicis

455 5712 702 5783 pagella
737 5713 930 5790 prima
966 5714 1096 5771 folii
1131 5716 1254 5773 282.

3010 5808 3047 5863 2
