<?xml version="1.0" encoding="UTF-8"?>
<!DOCTYPE html PUBLIC "-//W3C//DTD XHTML 1.0 Transitional//EN"
    "http://www.w3.org/TR/xhtml1/DTD/xhtml1-transitional.dtd">
<html xmlns="http://www.w3.org/1999/xhtml" xml:lang="en" lang="en">
 <head>
  <title>
</title>
<meta http-equiv="Content-Type" content="text/html;charset=utf-8" />
  <meta name='ocr-system' content='tesseract 3.04.00' />
  <meta name='ocr-capabilities' content='ocr_page ocr_carea ocr_par ocr_line ocrx_word'/>
</head>
<body>
  <div class='ocr_page' id='page_1' title='image "./delegumcustodee00abpgoog_0018.png"; bbox 0 0 4573 6666; ppageno 0'>
   <div class='ocr_carea' id='block_1_1' title="bbox 1248 875 3041 948">
    <p class='ocr_par' dir='ltr' id='par_1_1' title="bbox 1248 875 3041 948">
     <span class='ocr_line' id='line_1_1' title="bbox 1248 875 3041 948; baseline 0.002 -6"><span class='ocrx_word' id='word_1_1' title='bbox 1248 875 1330 942; x_wconf 79' lang='lat'><strong>12</strong></span> <span class='ocrx_word' id='word_1_2' title='bbox 2326 899 2417 944; x_wconf 73' lang='lat' dir='ltr'><strong>na</strong></span> <span class='ocrx_word' id='word_1_3' title='bbox 2463 899 2695 945; x_wconf 72' lang='lat' dir='ltr'><strong>moun</strong></span> <span class='ocrx_word' id='word_1_4' title='bbox 2741 899 3041 948; x_wconf 72' lang='lat' dir='ltr'><strong>cusronn</strong></span> 
     </span>
    </p>
   </div>
   <div class='ocr_carea' id='block_1_2' title="bbox 1245 986 1696 994">
    <p class='ocr_par' dir='ltr' id='par_1_2' title="bbox 1245 986 1696 994">
     <span class='ocr_line' id='line_1_2' title="bbox 1245 986 1696 994; baseline 0 0"><span class='ocrx_word' id='word_1_5' title='bbox 1245 986 1696 994; x_wconf 95' lang='lat' dir='ltr'><strong> </strong></span> 
     </span>
    </p>
   </div>
   <div class='ocr_carea' id='block_1_3' title="bbox 1127 1100 2637 5221">
    <p class='ocr_par' dir='ltr' id='par_1_3' title="bbox 1242 1100 2631 1958">
     <span class='ocr_line' id='line_1_3' title="bbox 1245 1100 2627 1200; baseline 0.004 -28"><span class='ocrx_word' id='word_1_6' title='bbox 1245 1105 1357 1195; x_wconf 78' lang='grc' dir='ltr'>μὲν</span> <span class='ocrx_word' id='word_1_7' title='bbox 1404 1117 1506 1172; x_wconf 83' lang='grc' dir='ltr'><strong>νῦν</strong></span> <span class='ocrx_word' id='word_1_8' title='bbox 1552 1109 1630 1174; x_wconf 87' lang='grc' dir='ltr'><strong>τὸ</strong></span> <span class='ocrx_word' id='word_1_9' title='bbox 1677 1110 2041 1185; x_wconf 81' lang='grc' dir='ltr'>ἀντίπαλον,</span> <span class='ocrx_word' id='word_1_10' title='bbox 2091 1108 2391 1200; x_wconf 75' lang='grc' dir='ltr'>εἰρηνεύει</span> <span class='ocrx_word' id='word_1_11' title='bbox 2437 1100 2506 1176; x_wconf 79' lang='grc' dir='ltr'><strong>δὲ</strong></span> <span class='ocrx_word' id='word_1_12' title='bbox 2550 1111 2627 1178; x_wconf 82' lang='grc' dir='ltr'><strong>τὸ</strong></span> 
     </span>
     <span class='ocr_line' id='line_1_4' title="bbox 1242 1227 2631 1328; baseline 0.001 -28"><span class='ocrx_word' id='word_1_13' title='bbox 1242 1235 1540 1314; x_wconf 77' lang='grc' dir='ltr'>ὑπήκοον,</span> <span class='ocrx_word' id='word_1_14' title='bbox 1588 1234 1796 1310; x_wconf 77' lang='grc' dir='ltr'>πολλὴ</span> <span class='ocrx_word' id='word_1_15' title='bbox 1851 1227 1918 1301; x_wconf 87' lang='grc' dir='ltr'><strong>δὲ</strong></span> <span class='ocrx_word' id='word_1_16' title='bbox 1965 1237 2212 1328; x_wconf 78' lang='grc' dir='ltr'>γαλήνη</span> <span class='ocrx_word' id='word_1_17' title='bbox 2237 1235 2256 1272; x_wconf 82' lang='lat'>¹</span> <span class='ocrx_word' id='word_1_18' title='bbox 2306 1233 2432 1302; x_wconf 77' lang='grc' dir='ltr'><strong>τὰ’</strong></span> <span class='ocrx_word' id='word_1_19' title='bbox 2482 1237 2631 1302; x_wconf 74' lang='grc' dir='ltr'><strong>Ῥω-</strong></span> 
     </span>
     <span class='ocr_line' id='line_1_5' title="bbox 1245 1359 2631 1451; baseline 0.001 -26"><span class='ocrx_word' id='word_1_20' title='bbox 1245 1363 1442 1450; x_wconf 85' lang='grc' dir='ltr'>μαίων</span> <span class='ocrx_word' id='word_1_21' title='bbox 1507 1362 1804 1451; x_wconf 78' lang='grc' dir='ltr'>κατέχει,</span> <span class='ocrx_word' id='word_1_22' title='bbox 1867 1361 1980 1427; x_wconf 71' lang='grc' dir='ltr'><strong>καὶ</strong></span> <span class='ocrx_word' id='word_1_23' title='bbox 2036 1361 2112 1428; x_wconf 83' lang='grc' dir='ltr'><strong>τὸ</strong></span> <span class='ocrx_word' id='word_1_24' title='bbox 2173 1359 2471 1428; x_wconf 84' lang='grc' dir='ltr'>ἀνθέλκον</span> <span class='ocrx_word' id='word_1_25' title='bbox 2532 1364 2631 1426; x_wconf 82' lang='grc' dir='ltr'><strong>οὑ-</strong></span> 
     </span>
     <span class='ocr_line' id='line_1_6' title="bbox 1244 1477 2630 1578; baseline 0 -26"><span class='ocrx_word' id='word_1_26' title='bbox 1244 1478 1345 1554; x_wconf 86' lang='grc' dir='ltr'><strong>δέν</strong></span> <span class='ocrx_word' id='word_1_27' title='bbox 1390 1489 1526 1552; x_wconf 71' lang='grc' dir='ltr'>ἐστι</span> <span class='ocrx_word' id='word_1_28' title='bbox 1558 1487 1671 1564; x_wconf 76' lang='grc' dir='ltr'><strong>τὰς</strong></span> <span class='ocrx_word' id='word_1_29' title='bbox 1703 1487 2014 1578; x_wconf 75' lang='grc' dir='ltr'>ἡμετέρας</span> <span class='ocrx_word' id='word_1_30' title='bbox 2047 1477 2395 1578; x_wconf 77' lang='grc' dir='ltr'>φροντίδας,</span> <span class='ocrx_word' id='word_1_31' title='bbox 2446 1491 2630 1576; x_wconf 84' lang='grc' dir='ltr'>εὐμε-</span> 
     </span>
     <span class='ocr_line' id='line_1_7' title="bbox 1242 1613 2631 1705; baseline -0.001 -27"><span class='ocrx_word' id='word_1_32' title='bbox 1242 1616 1376 1698; x_wconf 81' lang='grc' dir='ltr'>νείᾳ</span> <span class='ocrx_word' id='word_1_33' title='bbox 1419 1623 1533 1680; x_wconf 81' lang='grc' dir='ltr'><strong>τοῦ</strong></span> <span class='ocrx_word' id='word_1_34' title='bbox 1579 1617 1954 1705; x_wconf 87' lang='grc' dir='ltr'>κρείττονος,</span> <span class='ocrx_word' id='word_1_35' title='bbox 2003 1621 2086 1690; x_wconf 82' lang='grc' dir='ltr'><strong>εἰς</strong></span> <span class='ocrx_word' id='word_1_36' title='bbox 2119 1613 2238 1688; x_wconf 75' lang='grc' dir='ltr'><strong>τὴν</strong></span> <span class='ocrx_word' id='word_1_37' title='bbox 2285 1625 2401 1690; x_wconf 81' lang='grc' dir='ltr'><strong>τῆς</strong></span> <span class='ocrx_word' id='word_1_38' title='bbox 2446 1617 2631 1678; x_wconf 89' lang='grc' dir='ltr'>πολι-</span> 
     </span>
     <span class='ocr_line' id='line_1_8' title="bbox 1242 1739 2628 1832; baseline -0.001 -27"><span class='ocrx_word' id='word_1_39' title='bbox 1242 1741 1411 1816; x_wconf 89' lang='grc' dir='ltr'>τείας</span> <span class='ocrx_word' id='word_1_40' title='bbox 1470 1747 1649 1830; x_wconf 71' lang='grc' dir='ltr'>ἡμῶν</span> <span class='ocrx_word' id='word_1_41' title='bbox 1715 1739 2126 1832; x_wconf 82' lang='grc' dir='ltr'><strong>ἐπανόρθωσιν</strong></span> <span class='ocrx_word' id='word_1_42' title='bbox 2147 1795 2163 1819; x_wconf 90' lang='grc'>,</span> <span class='ocrx_word' id='word_1_43' title='bbox 2223 1741 2332 1806; x_wconf 81' lang='grc' dir='ltr'><strong>τὸν</strong></span> <span class='ocrx_word' id='word_1_44' title='bbox 2396 1740 2628 1807; x_wconf 82' lang='grc' dir='ltr'>σκοπὸν</span> 
     </span>
     <span class='ocr_line' id='line_1_9' title="bbox 1243 1867 1768 1958; baseline 0.006 -25"><span class='ocrx_word' id='word_1_45' title='bbox 1243 1868 1389 1933; x_wconf 81' lang='grc' dir='ltr'><strong>ὅλον</strong></span> <span class='ocrx_word' id='word_1_46' title='bbox 1437 1867 1768 1958; x_wconf 82' lang='grc' dir='ltr'>τρέπομεν.</span> 
     </span>
    </p>

    <p class='ocr_par' dir='ltr' id='par_1_4' title="bbox 1127 1983 2637 4346">
     <span class='ocr_line' id='line_1_10' title="bbox 1329 1983 2633 2070; baseline 0.001 -14"><span class='ocrx_word' id='word_1_47' title='bbox 1329 1988 1503 2056; x_wconf 65' lang='grc' dir='ltr'><strong>Καὶ*</strong></span> <span class='ocrx_word' id='word_1_48' title='bbox 1552 1983 1626 2066; x_wconf 82' lang='grc' dir='ltr'><strong>δὴ</strong></span> <span class='ocrx_word' id='word_1_49' title='bbox 1680 2001 1805 2057; x_wconf 89' lang='grc' dir='ltr'><strong>τῶν</strong></span> <span class='ocrx_word' id='word_1_50' title='bbox 1855 1998 1938 2070; x_wconf 77' lang='grc' dir='ltr'><strong>εἰς</strong></span> <span class='ocrx_word' id='word_1_51' title='bbox 1969 1991 2092 2066; x_wconf 78' lang='grc' dir='ltr'><strong>τὴν</strong></span> <span class='ocrx_word' id='word_1_52' title='bbox 2139 2002 2250 2058; x_wconf 80' lang='grc' dir='ltr'><strong>τοῦ</strong></span> <span class='ocrx_word' id='word_1_53' title='bbox 2283 2003 2492 2058; x_wconf 86' lang='grc' dir='ltr'>κοινοῦ</span> <span class='ocrx_word' id='word_1_54' title='bbox 2523 1996 2633 2057; x_wconf 82' lang='grc' dir='ltr'><strong>λυ-</strong></span> 
     </span>
     <span class='ocr_line' id='line_1_11' title="bbox 1243 2109 2631 2210; baseline -0.001 -28"><span class='ocrx_word' id='word_1_55' title='bbox 1243 2115 1550 2184; x_wconf 85' lang='grc' dir='ltr'>σιτέλειαν</span> <span class='ocrx_word' id='word_1_56' title='bbox 1599 2122 1710 2183; x_wconf 71' lang='grc' dir='ltr'><strong>οὐκ</strong></span> <span class='ocrx_word' id='word_1_57' title='bbox 1756 2119 1942 2210; x_wconf 80' lang='grc' dir='ltr'><strong>ὀλίγα</strong></span> <span class='ocrx_word' id='word_1_58' title='bbox 1991 2117 2100 2207; x_wconf 89' lang='grc' dir='ltr'>μὲν</span> <span class='ocrx_word' id='word_1_59' title='bbox 2151 2123 2302 2208; x_wconf 75' lang='grc' dir='ltr'>ἡμῖν</span> <span class='ocrx_word' id='word_1_60' title='bbox 2344 2109 2469 2192; x_wconf 82' lang='grc' dir='ltr'><strong>ἤδη</strong></span> <span class='ocrx_word' id='word_1_61' title='bbox 2522 2117 2631 2184; x_wconf 82' lang='grc' dir='ltr'><strong>σὺν</strong></span> 
     </span>
     <span class='ocr_line' id='line_1_12' title="bbox 1243 2233 2632 2335; baseline -0.001 -27"><span class='ocrx_word' id='word_1_62' title='bbox 1243 2241 1362 2326; x_wconf 83' lang='grc' dir='ltr'>θεῷ</span> <span class='ocrx_word' id='word_1_63' title='bbox 1393 2241 1983 2335; x_wconf 79' lang='grc' dir='ltr'>πεπραγμάτευται,</span> <span class='ocrx_word' id='word_1_64' title='bbox 2014 2241 2130 2308; x_wconf 81' lang='grc' dir='ltr'><strong>κᾶν</strong></span> <span class='ocrx_word' id='word_1_65' title='bbox 2165 2244 2424 2330; x_wconf 82' lang='grc' dir='ltr'>ἐλλείπῃ</span> <span class='ocrx_word' id='word_1_66' title='bbox 2468 2233 2535 2307; x_wconf 89' lang='grc' dir='ltr'><strong>δέ</strong></span> <span class='ocrx_word' id='word_1_67' title='bbox 2565 2265 2632 2306; x_wconf 90' lang='grc' dir='ltr'><strong>τι</strong></span> 
     </span>
     <span class='ocr_line' id='line_1_13' title="bbox 1245 2361 2633 2459; baseline -0.001 -25"><span class='ocrx_word' id='word_1_68' title='bbox 1245 2368 1394 2459; x_wconf 82' lang='grc' dir='ltr'>πρὸς</span> <span class='ocrx_word' id='word_1_69' title='bbox 1425 2367 1828 2448; x_wconf 84' lang='grc' dir='ltr'>τελειότητα,</span> <span class='ocrx_word' id='word_1_70' title='bbox 1861 2372 2112 2434; x_wconf 80' lang='grc' dir='ltr'>κάκεῖνο</span> <span class='ocrx_word' id='word_1_71' title='bbox 2141 2361 2434 2452; x_wconf 82' lang='grc' dir='ltr'>τεύξεται</span> <span class='ocrx_word' id='word_1_72' title='bbox 2478 2367 2633 2434; x_wconf 85' lang='grc' dir='ltr'>πάν-</span> 
     </span>
     <span class='ocr_line' id='line_1_14' title="bbox 1240 2489 2629 2586; baseline -0.001 -26"><span class='ocrx_word' id='word_1_73' title='bbox 1240 2518 1362 2572; x_wconf 87' lang='grc' dir='ltr'><strong>τως</strong></span> <span class='ocrx_word' id='word_1_74' title='bbox 1409 2505 1524 2570; x_wconf 79' lang='grc' dir='ltr'><strong>τῆς</strong></span> <span class='ocrx_word' id='word_1_75' title='bbox 1559 2489 1945 2586; x_wconf 79' lang='grc' dir='ltr'>ἁρμοζούσης</span> <span class='ocrx_word' id='word_1_76' title='bbox 1990 2495 2276 2584; x_wconf 86' lang='grc' dir='ltr'><strong>προνοίας</strong></span> <span class='ocrx_word' id='word_1_77' title='bbox 2324 2498 2386 2559; x_wconf 84' lang='grc' dir='ltr'><strong>ἐν</strong></span> <span class='ocrx_word' id='word_1_78' title='bbox 2434 2503 2629 2583; x_wconf 83' lang='grc' dir='ltr'>καιρῷ</span> 
     </span>
     <span class='ocr_line' id='line_1_15' title="bbox 1240 2617 2631 2709; baseline -0.001 -25"><span class='ocrx_word' id='word_1_79' title='bbox 1240 2628 1332 2703; x_wconf 83' lang='grc' dir='ltr'><strong>τῷ</strong></span> <span class='ocrx_word' id='word_1_80' title='bbox 1389 2619 1802 2709; x_wconf 75' lang='grc' dir='ltr'><strong>προσήκοντι,</strong></span> <span class='ocrx_word' id='word_1_81' title='bbox 1853 2618 1926 2684; x_wconf 78' lang='grc' dir='ltr'><strong>ἂν</strong></span> <span class='ocrx_word' id='word_1_82' title='bbox 1978 2618 2280 2686; x_wconf 85' lang='grc' dir='ltr'>ἐπινεύσοι</span> <span class='ocrx_word' id='word_1_83' title='bbox 2326 2618 2402 2684; x_wconf 79' lang='grc' dir='ltr'><strong>τὸ</strong></span> <span class='ocrx_word' id='word_1_84' title='bbox 2450 2617 2631 2685; x_wconf 78' lang='grc' dir='ltr'>θεῖον·</span> 
     </span>
     <span class='ocr_line' id='line_1_16' title="bbox 1240 2746 2629 2840; baseline -0.001 -28"><span class='ocrx_word' id='word_1_85' title='bbox 1240 2746 1398 2836; x_wconf 84' lang='grc' dir='ltr'>Πρός</span> <span class='ocrx_word' id='word_1_86' title='bbox 1450 2771 1526 2840; x_wconf 83' lang='grc' dir='ltr'>γε</span> <span class='ocrx_word' id='word_1_87' title='bbox 1586 2746 1708 2835; x_wconf 77' lang='grc' dir='ltr'>μὴν</span> <span class='ocrx_word' id='word_1_88' title='bbox 1743 2747 1844 2812; x_wconf 83' lang='grc' dir='ltr'><strong>·τὸ</strong></span> <span class='ocrx_word' id='word_1_89' title='bbox 1909 2747 2105 2838; x_wconf 79' lang='grc' dir='ltr'>παρὸν</span> <span class='ocrx_word' id='word_1_90' title='bbox 2165 2753 2204 2822; x_wconf 76' lang='grc' dir='ltr'>ἡ</span> <span class='ocrx_word' id='word_1_91' title='bbox 2265 2747 2629 2840; x_wconf 84' lang='grc' dir='ltr'>γαληνότης</span> 
     </span>
     <span class='ocr_line' id='line_1_17' title="bbox 1240 2869 2633 2961; baseline 0 -25"><span class='ocrx_word' id='word_1_92' title='bbox 1240 2878 1421 2960; x_wconf 77' lang='grc' dir='ltr'>ἡμῶν</span> <span class='ocrx_word' id='word_1_93' title='bbox 1466 2871 1543 2936; x_wconf 79' lang='grc' dir='ltr'><strong>τὸ</strong></span> <span class='ocrx_word' id='word_1_94' title='bbox 1575 2871 1715 2961; x_wconf 69' lang='grc' dir='ltr'>περὶ</span> <span class='ocrx_word' id='word_1_95' title='bbox 1744 2869 1888 2948; x_wconf 87' lang='grc' dir='ltr'>τοὺς</span> <span class='ocrx_word' id='word_1_96' title='bbox 1921 2871 2143 2959; x_wconf 87' lang='grc' dir='ltr'>νόμους</span> <span class='ocrx_word' id='word_1_97' title='bbox 2191 2871 2633 2960; x_wconf 85' lang='grc' dir='ltr'>ἁμαρτανόμε-</span> 
     </span>
     <span class='ocr_line' id='line_1_18' title="bbox 1239 2988 2637 3087; baseline -0.001 -26"><span class='ocrx_word' id='word_1_98' title='bbox 1239 3021 1340 3062; x_wconf 88' lang='grc' dir='ltr'><strong>νον</strong></span> <span class='ocrx_word' id='word_1_99' title='bbox 1373 2999 1748 3087; x_wconf 70' lang='grc' dir='ltr'>ἐπιστροφῆς</span> <span class='ocrx_word' id='word_1_100' title='bbox 1796 2990 1974 3075; x_wconf 81' lang='grc' dir='ltr'>ἀξιοῒ,</span> <span class='ocrx_word' id='word_1_101' title='bbox 2023 2988 2416 3061; x_wconf 74' lang='grc' dir='ltr'>ἀδικώτατον</span> <span class='ocrx_word' id='word_1_102' title='bbox 2462 2995 2637 3060; x_wconf 87' lang='grc' dir='ltr'>πάν-</span> 
     </span>
     <span class='ocr_line' id='line_1_19' title="bbox 1127 3121 2630 3215; baseline -0.001 -27"><span class='ocrx_word' id='word_1_103' title='bbox 1127 3135 1138 3148; x_wconf 87' lang='grc'>·</span> <span class='ocrx_word' id='word_1_104' title='bbox 1243 3147 1370 3188; x_wconf 91' lang='grc' dir='ltr'><strong>των</strong></span> <span class='ocrx_word' id='word_1_105' title='bbox 1401 3123 1777 3215; x_wconf 73' lang='grc' dir='ltr'>ἡγησαμένη</span> <span class='ocrx_word' id='word_1_106' title='bbox 1814 3121 1958 3198; x_wconf 81' lang='grc' dir='ltr'>τοὺς</span> <span class='ocrx_word' id='word_1_107' title='bbox 1988 3122 2098 3186; x_wconf 87' lang='grc' dir='ltr'><strong>τὸν</strong></span> <span class='ocrx_word' id='word_1_108' title='bbox 2137 3123 2267 3206; x_wconf 88' lang='grc' dir='ltr'>βίον</span> <span class='ocrx_word' id='word_1_109' title='bbox 2303 3126 2480 3210; x_wconf 75' lang='grc' dir='ltr'>ἡμῶν</span> <span class='ocrx_word' id='word_1_110' title='bbox 2514 3131 2630 3197; x_wconf 80' lang='grc' dir='ltr'><strong>τῆς</strong></span> 
     </span>
     <span class='ocr_line' id='line_1_20' title="bbox 1243 3239 2629 3341; baseline -0.001 -29"><span class='ocrx_word' id='word_1_111' title='bbox 1243 3239 1482 3326; x_wconf 75' lang='grc' dir='ltr'>ἀδικίας</span> <span class='ocrx_word' id='word_1_112' title='bbox 1517 3247 1991 3341; x_wconf 83' lang='grc' dir='ltr'>ἐλευθεροῦντας</span> <span class='ocrx_word' id='word_1_113' title='bbox 2041 3247 2266 3323; x_wconf 79' lang='grc' dir='ltr'>αὐτοὺς</span> <span class='ocrx_word' id='word_1_114' title='bbox 2298 3246 2399 3312; x_wconf 74' lang='grc' dir='ltr'>ἐπὶ</span> <span class='ocrx_word' id='word_1_115' title='bbox 2442 3247 2629 3312; x_wconf 81' lang='grc' dir='ltr'><strong>πλέον</strong></span> 
     </span>
     <span class='ocr_line' id='line_1_21' title="bbox 1241 3366 2630 3465; baseline 0 -26"><span class='ocrx_word' id='word_1_116' title='bbox 1241 3366 1720 3465; x_wconf 68' lang='grc' dir='ltr'>ἀδικουμένους*</span> <span class='ocrx_word' id='word_1_117' title='bbox 1767 3380 2088 3465; x_wconf 83' lang='grc' dir='ltr'>ὑπερορᾷν·</span> <span class='ocrx_word' id='word_1_118' title='bbox 2137 3374 2243 3438; x_wconf 70' lang='grc' dir='ltr'><strong>καὶ</strong></span> <span class='ocrx_word' id='word_1_119' title='bbox 2285 3374 2430 3449; x_wconf 85' lang='grc' dir='ltr'>τοὺς</span> <span class='ocrx_word' id='word_1_120' title='bbox 2475 3383 2630 3439; x_wconf 82' lang='grc' dir='ltr'>πᾶσι</span> 
     </span>
     <span class='ocr_line' id='line_1_22' title="bbox 1240 3491 2629 3590; baseline -0.001 -25"><span class='ocrx_word' id='word_1_121' title='bbox 1240 3512 1370 3577; x_wconf 82' lang='grc' dir='ltr'>τοῖς</span> <span class='ocrx_word' id='word_1_122' title='bbox 1396 3502 1607 3578; x_wconf 84' lang='grc' dir='ltr'>ἄλλοις</span> <span class='ocrx_word' id='word_1_123' title='bbox 1629 3499 2016 3577; x_wconf 79' lang='grc' dir='ltr'>ἐπιτιθέντας</span> <span class='ocrx_word' id='word_1_124' title='bbox 2040 3500 2274 3590; x_wconf 86' lang='grc' dir='ltr'>κόσμον</span> <span class='ocrx_word' id='word_1_125' title='bbox 2300 3498 2407 3573; x_wconf 72' lang='grc' dir='ltr'><strong>καὶ</strong></span> <span class='ocrx_word' id='word_1_126' title='bbox 2430 3491 2629 3578; x_wconf 81' lang='grc' dir='ltr'>τάξιν,</span> 
     </span>
     <span class='ocr_line' id='line_1_23' title="bbox 1241 3596 2631 3717; baseline -0.002 -25"><span class='ocrx_word' id='word_1_127' title='bbox 1241 3629 1304 3692; x_wconf 81' lang='grc' dir='ltr'><strong>ὲν</strong></span> <span class='ocrx_word' id='word_1_128' title='bbox 1347 3629 1620 3716; x_wconf 80' lang='grc' dir='ltr'>ἀκοσμίᾳ</span> <span class='ocrx_word' id='word_1_129' title='bbox 1665 3627 1944 3717; x_wconf 77' lang='grc' dir='ltr'>τοσαύτῃ</span> <span class='ocrx_word' id='word_1_130' title='bbox 1982 3596 2409 3716; x_wconf 81' lang='grc' dir='ltr'>πλαζομένους</span> <span class='ocrx_word' id='word_1_131' title='bbox 2454 3648 2631 3715; x_wconf 86' lang='grc' dir='ltr'>περι-</span> 
     </span>
     <span class='ocr_line' id='line_1_24' title="bbox 1242 3746 2631 3844; baseline -0.002 -26"><span class='ocrx_word' id='word_1_132' title='bbox 1242 3765 1502 3844; x_wconf 84' lang='grc' dir='ltr'>φρονεῖν,</span> <span class='ocrx_word' id='word_1_133' title='bbox 1549 3753 1657 3819; x_wconf 80' lang='grc' dir='ltr'><strong>καὶ</strong></span> <span class='ocrx_word' id='word_1_134' title='bbox 1690 3746 1932 3843; x_wconf 79' lang='grc' dir='ltr'>μηδένα</span> <span class='ocrx_word' id='word_1_135' title='bbox 1976 3751 2258 3819; x_wconf 89' lang='grc' dir='ltr'>τίθεσθαι</span> <span class='ocrx_word' id='word_1_136' title='bbox 2294 3752 2483 3844; x_wconf 87' lang='grc' dir='ltr'>λόγον</span> <span class='ocrx_word' id='word_1_137' title='bbox 2514 3775 2631 3825; x_wconf 86' lang='grc' dir='ltr'><strong>τη-</strong></span> 
     </span>
     <span class='ocr_line' id='line_1_25' title="bbox 1239 3850 2629 3967; baseline 0.001 -27"><span class='ocrx_word' id='word_1_138' title='bbox 1239 3874 1533 3943; x_wconf 87' lang='grc' dir='ltr'>λικούτου</span> <span class='ocrx_word' id='word_1_139' title='bbox 1575 3850 1822 3956; x_wconf 73' lang='grc' dir='ltr'>καλοῦ,</span> <span class='ocrx_word' id='word_1_140' title='bbox 1862 3888 1978 3955; x_wconf 80' lang='grc' dir='ltr'><strong>τῆς</strong></span> <span class='ocrx_word' id='word_1_141' title='bbox 2024 3887 2150 3943; x_wconf 88' lang='grc' dir='ltr'><strong>τῶν</strong></span> <span class='ocrx_word' id='word_1_142' title='bbox 2214 3876 2418 3966; x_wconf 90' lang='grc' dir='ltr'>νόμων</span> <span class='ocrx_word' id='word_1_143' title='bbox 2462 3876 2629 3967; x_wconf 87' lang='grc' dir='ltr'>λέγω</span> 
     </span>
     <span class='ocr_line' id='line_1_26' title="bbox 1241 3991 2633 4087; baseline -0.002 -20"><span class='ocrx_word' id='word_1_144' title='bbox 1241 3994 1665 4081; x_wconf 79' lang='grc' dir='ltr'>διδασκαλίας,</span> <span class='ocrx_word' id='word_1_145' title='bbox 1713 4004 1772 4069; x_wconf 81' lang='grc' dir='ltr'><strong>οἳ</strong></span> <span class='ocrx_word' id='word_1_146' title='bbox 1801 4002 1908 4066; x_wconf 81' lang='grc' dir='ltr'><strong>καὶ</strong></span> <span class='ocrx_word' id='word_1_147' title='bbox 1939 4002 2058 4074; x_wconf 76' lang='grc' dir='ltr'><strong>τὴν</strong></span> <span class='ocrx_word' id='word_1_148' title='bbox 2097 4002 2415 4087; x_wconf 82' lang='grc' dir='ltr'>βασιλείαν</span> <span class='ocrx_word' id='word_1_149' title='bbox 2464 3991 2633 4065; x_wconf 84' lang='grc' dir='ltr'>ἐνδό-</span> 
     </span>
     <span class='ocr_line' id='line_1_27' title="bbox 1239 4120 2632 4217; baseline -0.001 -24"><span class='ocrx_word' id='word_1_150' title='bbox 1239 4120 1376 4206; x_wconf 82' lang='grc' dir='ltr'>ξως,</span> <span class='ocrx_word' id='word_1_151' title='bbox 1409 4127 1517 4193; x_wconf 75' lang='grc' dir='ltr'><strong>καὶ</strong></span> <span class='ocrx_word' id='word_1_152' title='bbox 1560 4126 1680 4203; x_wconf 77' lang='grc' dir='ltr'><strong>τὴν</strong></span> <span class='ocrx_word' id='word_1_153' title='bbox 1725 4129 2049 4195; x_wconf 79' lang='grc' dir='ltr'>πολιτείαν</span> <span class='ocrx_word' id='word_1_154' title='bbox 2083 4128 2425 4217; x_wconf 83' lang='grc' dir='ltr'>ἀμέμπτως</span> <span class='ocrx_word' id='word_1_155' title='bbox 2468 4124 2632 4215; x_wconf 75' lang='grc' dir='ltr'>μετὰ</span> 
     </span>
     <span class='ocr_line' id='line_1_28' title="bbox 1238 4252 2274 4346; baseline 0 -29"><span class='ocrx_word' id='word_1_156' title='bbox 1238 4263 1366 4321; x_wconf 84' lang='grc' dir='ltr'><strong>τῶν</strong></span> <span class='ocrx_word' id='word_1_157' title='bbox 1418 4263 1530 4318; x_wconf 82' lang='grc' dir='ltr'><strong>τοῦ</strong></span> <span class='ocrx_word' id='word_1_158' title='bbox 1579 4252 1716 4319; x_wconf 83' lang='grc' dir='ltr'>θεοῦ</span> <span class='ocrx_word' id='word_1_159' title='bbox 1763 4263 1987 4344; x_wconf 84' lang='grc' dir='ltr'>χειρῶν</span> <span class='ocrx_word' id='word_1_160' title='bbox 2037 4252 2274 4346; x_wconf 78' lang='grc' dir='ltr'>ἄγουσι.</span> 
     </span>
    </p>

    <p class='ocr_par' dir='ltr' id='par_1_5' title="bbox 1240 4376 2634 5221">
     <span class='ocr_line' id='line_1_29' title="bbox 1329 4376 2632 4470; baseline -0.003 -28"><span class='ocrx_word' id='word_1_161' title='bbox 1329 4379 1539 4445; x_wconf 83' lang='grc' dir='ltr'>Δεινὸν</span> <span class='ocrx_word' id='word_1_162' title='bbox 1586 4378 1706 4470; x_wconf 78' lang='grc' dir='ltr'><strong>γὰρ</strong></span> <span class='ocrx_word' id='word_1_163' title='bbox 1737 4388 1829 4462; x_wconf 83' lang='grc' dir='ltr'><strong>τῷ</strong></span> <span class='ocrx_word' id='word_1_164' title='bbox 1862 4380 1996 4443; x_wconf 81' lang='grc' dir='ltr'>ὄντι</span> <span class='ocrx_word' id='word_1_165' title='bbox 2027 4376 2134 4443; x_wconf 72' lang='grc' dir='ltr'><strong>καὶ</strong></span> <span class='ocrx_word' id='word_1_166' title='bbox 2168 4377 2459 4467; x_wconf 84' lang='grc' dir='ltr'>σχέτλιον</span> <span class='ocrx_word' id='word_1_167' title='bbox 2493 4385 2632 4451; x_wconf 80' lang='grc' dir='ltr'>ταῖς</span> 
     </span>
     <span class='ocr_line' id='line_1_30' title="bbox 1241 4502 2632 4592; baseline -0.004 -23"><span class='ocrx_word' id='word_1_168' title='bbox 1241 4502 1352 4591; x_wconf 78' lang='grc' dir='ltr'>μὲν</span> <span class='ocrx_word' id='word_1_169' title='bbox 1385 4504 1606 4580; x_wconf 83' lang='grc' dir='ltr'>ἄλλαις</span> <span class='ocrx_word' id='word_1_170' title='bbox 1639 4504 2015 4592; x_wconf 84' lang='grc' dir='ltr'>ἐπιστήμαις</span> <span class='ocrx_word' id='word_1_171' title='bbox 2045 4502 2154 4567; x_wconf 75' lang='grc' dir='ltr'><strong>καὶ</strong></span> <span class='ocrx_word' id='word_1_172' title='bbox 2184 4502 2460 4591; x_wconf 82' lang='grc' dir='ltr'>τέχναις,</span> <span class='ocrx_word' id='word_1_173' title='bbox 2488 4502 2632 4565; x_wconf 85' lang='grc' dir='ltr'>ὅσαι</span> 
     </span>
     <span class='ocr_line' id='line_1_31' title="bbox 1240 4626 2629 4720; baseline -0.003 -29"><span class='ocrx_word' id='word_1_174' title='bbox 1240 4650 1316 4693; x_wconf 86' lang='grc' dir='ltr'><strong>τε</strong></span> <span class='ocrx_word' id='word_1_175' title='bbox 1359 4627 1634 4720; x_wconf 78' lang='grc' dir='ltr'>λογικαὶ,</span> <span class='ocrx_word' id='word_1_176' title='bbox 1681 4627 1789 4691; x_wconf 76' lang='grc' dir='ltr'><strong>καὶ</strong></span> <span class='ocrx_word' id='word_1_177' title='bbox 1848 4637 1975 4693; x_wconf 84' lang='grc' dir='ltr'><strong>τῶν</strong></span> <span class='ocrx_word' id='word_1_178' title='bbox 2043 4626 2367 4712; x_wconf 73' lang='grc' dir='ltr'>βαναύσων</span> <span class='ocrx_word' id='word_1_179' title='bbox 2423 4626 2629 4701; x_wconf 71' lang='grc' dir='ltr'>ἐνίαις.</span> 
     </span>
     <span class='ocr_line' id='line_1_32' title="bbox 1241 4744 2631 4844; baseline -0.002 -25"><span class='ocrx_word' id='word_1_180' title='bbox 1241 4751 1392 4819; x_wconf 64' lang='grc' dir='ltr'><strong>καὶο</strong></span> <span class='ocrx_word' id='word_1_181' title='bbox 1417 4752 1624 4844; x_wconf 84' lang='grc' dir='ltr'>χώρας</span> <span class='ocrx_word' id='word_1_182' title='bbox 1675 4744 1827 4828; x_wconf 81' lang='grc' dir='ltr'>ἰδίας</span> <span class='ocrx_word' id='word_1_183' title='bbox 1860 4752 1966 4815; x_wconf 80' lang='grc' dir='ltr'><strong>καὶ</strong></span> <span class='ocrx_word' id='word_1_184' title='bbox 2005 4749 2444 4843; x_wconf 82' lang='grc' dir='ltr'>καθηγεμόνας</span> <span class='ocrx_word' id='word_1_185' title='bbox 2472 4754 2631 4816; x_wconf 81' lang='grc' dir='ltr'>ἀπο-</span> 
     </span>
     <span class='ocr_line' id='line_1_33' title="bbox 1240 4868 2634 4969; baseline -0.004 -25"><span class='ocrx_word' id='word_1_186' title='bbox 1240 4876 1570 4969; x_wconf 81' lang='grc' dir='ltr'>τετάχθαι,</span> <span class='ocrx_word' id='word_1_187' title='bbox 1599 4868 1922 4968; x_wconf 86' lang='grc' dir='ltr'>προεδρίας</span> <span class='ocrx_word' id='word_1_188' title='bbox 1951 4900 2024 4941; x_wconf 87' lang='grc' dir='ltr'><strong>τε</strong></span> <span class='ocrx_word' id='word_1_189' title='bbox 2049 4874 2505 4965; x_wconf 83' lang='grc' dir='ltr'>κεκληρῶσθαι,</span> <span class='ocrx_word' id='word_1_190' title='bbox 2528 4875 2634 4940; x_wconf 75' lang='grc' dir='ltr'><strong>καὶ</strong></span> 
     </span>
     <span class='ocr_line' id='line_1_34' title="bbox 1243 4999 2632 5094; baseline -0.004 -25"><span class='ocrx_word' id='word_1_191' title='bbox 1243 5006 1522 5081; x_wconf 85' lang='grc' dir='ltr'>σιτήσεις</span> <span class='ocrx_word' id='word_1_192' title='bbox 1567 5000 2084 5094; x_wconf 84' lang='grc' dir='ltr'>προσαφωρίσθαι.</span> <span class='ocrx_word' id='word_1_193' title='bbox 2133 5000 2353 5064; x_wconf 79' lang='grc' dir='ltr'>Καὶ·τί</span> <span class='ocrx_word' id='word_1_194' title='bbox 2396 4999 2517 5092; x_wconf 80' lang='grc' dir='ltr'><strong>γάρ</strong></span> <span class='ocrx_word' id='word_1_195' title='bbox 2563 5004 2632 5065; x_wconf 79' lang='grc' dir='ltr'><strong>οὐ</strong></span> 
     </span>
     <span class='ocr_line' id='line_1_35' title="bbox 1241 5125 2632 5221; baseline -0.006 -24"><span class='ocrx_word' id='word_1_196' title='bbox 1241 5140 1560 5221; x_wconf 84' lang='grc' dir='ltr'>προσεῖναι</span> <span class='ocrx_word' id='word_1_197' title='bbox 1615 5130 1847 5206; x_wconf 84' lang='grc' dir='ltr'>καλὸν,</span> <span class='ocrx_word' id='word_1_198' title='bbox 1897 5134 1982 5205; x_wconf 80' lang='grc' dir='ltr'><strong>εἰς</strong></span> <span class='ocrx_word' id='word_1_199' title='bbox 2044 5125 2444 5217; x_wconf 86' lang='grc' dir='ltr'>παραμυθίαν</span> <span class='ocrx_word' id='word_1_200' title='bbox 2505 5136 2632 5190; x_wconf 87' lang='grc' dir='ltr'><strong>τῶν</strong></span> 
     </span>
    </p>
   </div>
   <div class='ocr_carea' id='block_1_4' title="bbox 1252 5244 2633 5343">
    <p class='ocr_par' dir='ltr' id='par_1_6' title="bbox 1252 5244 2633 5343">
     <span class='ocr_line' id='line_1_36' title="bbox 1252 5244 2633 5343; baseline -0.004 -23"><span class='ocrx_word' id='word_1_201' title='bbox 1252 5254 1613 5343; x_wconf 84' lang='grc' dir='ltr'>μετιόντων·</span> <span class='ocrx_word' id='word_1_202' title='bbox 1660 5254 1736 5319; x_wconf 84' lang='grc' dir='ltr'><strong>τὸ</strong></span> <span class='ocrx_word' id='word_1_203' title='bbox 1785 5244 1852 5318; x_wconf 78' lang='grc' dir='ltr'><strong>δὲ</strong></span> <span class='ocrx_word' id='word_1_204' title='bbox 1881 5251 2135 5317; x_wconf 79' lang='grc' dir='ltr'>πάντων</span> <span class='ocrx_word' id='word_1_205' title='bbox 2171 5250 2282 5341; x_wconf 81' lang='grc' dir='ltr'>μὲν</span> <span class='ocrx_word' id='word_1_206' title='bbox 2332 5248 2633 5341; x_wconf 88' lang='grc' dir='ltr'>μαθημά-</span> 
     </span>
    </p>
   </div>
   <div class='ocr_carea' id='block_1_5' title="bbox 2735 1114 4183 1688">
    <p class='ocr_par' dir='ltr' id='par_1_7' title="bbox 2735 1114 4183 1688">
     <span class='ocr_line' id='line_1_37' title="bbox 2736 1114 4183 1202; baseline 0.003 -23"><span class='ocrx_word' id='word_1_207' title='bbox 2736 1136 2867 1200; x_wconf 81' lang='lat' dir='ltr'><strong>pax</strong></span> <span class='ocrx_word' id='word_1_208' title='bbox 2912 1114 3357 1184; x_wconf 87' lang='lat' dir='ltr'><strong>Romanorum</strong></span> <span class='ocrx_word' id='word_1_209' title='bbox 3388 1117 3737 1202; x_wconf 85' lang='lat' dir='ltr'><strong>ipmerium</strong></span> <span class='ocrx_word' id='word_1_210' title='bbox 3782 1124 4029 1198; x_wconf 84' lang='lat' dir='ltr'><strong>tenet,</strong></span> <span class='ocrx_word' id='word_1_211' title='bbox 4072 1119 4183 1183; x_wconf 89' lang='lat' dir='ltr'><strong>ni-</strong></span> 
     </span>
     <span class='ocr_line' id='line_1_38' title="bbox 2735 1240 4181 1328; baseline 0.003 -23"><span class='ocrx_word' id='word_1_212' title='bbox 2735 1240 2959 1326; x_wconf 85' lang='lat' dir='ltr'><strong>hilque</strong></span> <span class='ocrx_word' id='word_1_213' title='bbox 3007 1248 3125 1324; x_wconf 88' lang='lat' dir='ltr'><strong>est,</strong></span> <span class='ocrx_word' id='word_1_214' title='bbox 3188 1244 3363 1328; x_wconf 89' lang='lat' dir='ltr'><strong>quod</strong></span> <span class='ocrx_word' id='word_1_215' title='bbox 3425 1266 3611 1310; x_wconf 82' lang='lat' dir='ltr'><strong>curas</strong></span> <span class='ocrx_word' id='word_1_216' title='bbox 3672 1251 3957 1312; x_wconf 81' lang='lat' dir='ltr'><strong>nostras</strong></span> <span class='ocrx_word' id='word_1_217' title='bbox 4034 1245 4181 1310; x_wconf 81' lang='lat' dir='ltr'><strong>alio</strong></span> 
     </span>
     <span class='ocr_line' id='line_1_39' title="bbox 2738 1366 4175 1454; baseline 0.003 -24"><span class='ocrx_word' id='word_1_218' title='bbox 2738 1366 3079 1444; x_wconf 79' lang='lat' dir='ltr'><strong>distrahat3</strong></span> <span class='ocrx_word' id='word_1_219' title='bbox 3106 1389 3251 1432; x_wconf 89' lang='lat' dir='ltr'><strong>cum</strong></span> <span class='ocrx_word' id='word_1_220' title='bbox 3274 1368 3684 1454; x_wconf 89' lang='lat' dir='ltr'><strong>beneplacito</strong></span> <span class='ocrx_word' id='word_1_221' title='bbox 3708 1369 4059 1437; x_wconf 76' lang='lat' dir='ltr'>Numinis</span> <span class='ocrx_word' id='word_1_222' title='bbox 4086 1371 4175 1434; x_wconf 85' lang='lat' dir='ltr'><strong>ad</strong></span> 
     </span>
     <span class='ocr_line' id='line_1_40' title="bbox 2737 1491 4179 1583; baseline 0.005 -27"><span class='ocrx_word' id='word_1_223' title='bbox 2737 1491 3009 1576; x_wconf 84' lang='lat' dir='ltr'><strong>politiae</strong></span> <span class='ocrx_word' id='word_1_224' title='bbox 3056 1497 3317 1559; x_wconf 85' lang='lat' dir='ltr'><strong>nostrae</strong></span> <span class='ocrx_word' id='word_1_225' title='bbox 3348 1493 3923 1578; x_wconf 74' lang='lat' dir='ltr'><strong>instaurationem,</strong></span> <span class='ocrx_word' id='word_1_226' title='bbox 3966 1499 4179 1583; x_wconf 79' lang='lat' dir='ltr'><strong>cogi-</strong></span> 
     </span>
     <span class='ocr_line' id='line_1_41' title="bbox 2738 1617 3825 1688; baseline 0.006 -7"><span class='ocrx_word' id='word_1_227' title='bbox 2738 1617 3061 1684; x_wconf 87' lang='lat' dir='ltr'><strong>tationem</strong></span> <span class='ocrx_word' id='word_1_228' title='bbox 3106 1623 3319 1684; x_wconf 88' lang='lat' dir='ltr'><strong>totam</strong></span> <span class='ocrx_word' id='word_1_229' title='bbox 3366 1621 3825 1688; x_wconf 73' lang='lat' dir='ltr'><strong>convertimus,</strong></span> 
     </span>
    </p>
   </div>
   <div class='ocr_carea' id='block_1_6' title="bbox 2734 1993 4237 4210">
    <p class='ocr_par' dir='ltr' id='par_1_8' title="bbox 2734 1993 4237 4210">
     <span class='ocr_line' id='line_1_42' title="bbox 2828 1993 4172 2086; baseline 0.005 -27"><span class='ocrx_word' id='word_1_230' title='bbox 2828 1993 2918 2060; x_wconf 87' lang='lat' dir='ltr'><strong>Et</strong></span> <span class='ocrx_word' id='word_1_231' title='bbox 2942 1995 3201 2061; x_wconf 84' lang='lat' dir='ltr'><strong>comuni</strong></span> <span class='ocrx_word' id='word_1_232' title='bbox 3225 1995 3487 2080; x_wconf 90' lang='lat' dir='ltr'><strong>quidem</strong></span> <span class='ocrx_word' id='word_1_233' title='bbox 3513 1997 3788 2065; x_wconf 87' lang='lat' dir='ltr'><strong>utilitati</strong></span> <span class='ocrx_word' id='word_1_234' title='bbox 3813 2022 3955 2066; x_wconf 86' lang='lat' dir='ltr'><strong>non</strong></span> <span class='ocrx_word' id='word_1_235' title='bbox 3977 2023 4172 2086; x_wconf 86' lang='lat' dir='ltr'><strong>pau-</strong></span> 
     </span>
     <span class='ocr_line' id='line_1_43' title="bbox 2744 2119 4165 2203; baseline 0.007 -21"><span class='ocrx_word' id='word_1_236' title='bbox 2744 2141 2819 2184; x_wconf 89' lang='lat' dir='ltr'><strong>ca</strong></span> <span class='ocrx_word' id='word_1_237' title='bbox 2850 2119 2981 2186; x_wconf 89' lang='lat' dir='ltr'><strong>iam</strong></span> <span class='ocrx_word' id='word_1_238' title='bbox 3013 2143 3151 2200; x_wconf 76' lang='lat' dir='ltr'><strong>n03,</strong></span> <span class='ocrx_word' id='word_1_239' title='bbox 3188 2120 3331 2188; x_wconf 91' lang='lat' dir='ltr'><strong>Deo</strong></span> <span class='ocrx_word' id='word_1_240' title='bbox 3378 2121 3667 2203; x_wconf 88' lang='lat' dir='ltr'><strong>iuvante,</strong></span> <span class='ocrx_word' id='word_1_241' title='bbox 3702 2127 4165 2203; x_wconf 85' lang='lat' dir='ltr'><strong>contulimus;</strong></span> 
     </span>
     <span class='ocr_line' id='line_1_44' title="bbox 2740 2245 4163 2334; baseline 0.005 -25"><span class='ocrx_word' id='word_1_242' title='bbox 2740 2248 2807 2309; x_wconf 88' lang='lat' dir='ltr'><strong>et</strong></span> <span class='ocrx_word' id='word_1_243' title='bbox 2854 2245 2907 2310; x_wconf 84' lang='lat' dir='ltr'><strong>si</strong></span> <span class='ocrx_word' id='word_1_244' title='bbox 2954 2245 3111 2330; x_wconf 88' lang='lat' dir='ltr'><strong>quid</strong></span> <span class='ocrx_word' id='word_1_245' title='bbox 3156 2246 3327 2314; x_wconf 87' lang='lat' dir='ltr'><strong>forte</strong></span> <span class='ocrx_word' id='word_1_246' title='bbox 3374 2248 3763 2334; x_wconf 87' lang='lat' dir='ltr'><strong>perfectioni</strong></span> <span class='ocrx_word' id='word_1_247' title='bbox 3810 2252 4028 2332; x_wconf 83' lang='lat' dir='ltr'><strong>deest,</strong></span> <span class='ocrx_word' id='word_1_248' title='bbox 4086 2251 4163 2316; x_wconf 89' lang='lat' dir='ltr'><strong>id</strong></span> 
     </span>
     <span class='ocr_line' id='line_1_45' title="bbox 2740 2373 4161 2461; baseline 0.006 -27"><span class='ocrx_word' id='word_1_249' title='bbox 2740 2390 3000 2454; x_wconf 88' lang='lat' dir='ltr'><strong>quoque</strong></span> <span class='ocrx_word' id='word_1_250' title='bbox 3049 2393 3413 2458; x_wconf 82' lang='lat' dir='ltr'><strong>congruam</strong></span> <span class='ocrx_word' id='word_1_251' title='bbox 3460 2373 3598 2439; x_wconf 89' lang='lat' dir='ltr'><strong>sine</strong></span> <span class='ocrx_word' id='word_1_252' title='bbox 3660 2375 3857 2441; x_wconf 90' lang='lat' dir='ltr'><strong>dubio</strong></span> <span class='ocrx_word' id='word_1_253' title='bbox 3904 2377 4161 2461; x_wconf 76' lang='lat' dir='ltr'><strong>provi-</strong></span> 
     </span>
     <span class='ocr_line' id='line_1_46' title="bbox 2740 2494 4153 2587; baseline 0.004 -27"><span class='ocrx_word' id='word_1_254' title='bbox 2740 2494 3030 2562; x_wconf 90' lang='lat' dir='ltr'><strong>dentiam</strong></span> <span class='ocrx_word' id='word_1_255' title='bbox 3057 2503 3509 2582; x_wconf 73' lang='lat' dir='ltr'><strong>consequetur,</strong></span> <span class='ocrx_word' id='word_1_256' title='bbox 3536 2498 3773 2566; x_wconf 88' lang='lat' dir='ltr'><strong>idoneo</strong></span> <span class='ocrx_word' id='word_1_257' title='bbox 3806 2505 4153 2587; x_wconf 87' lang='lat' dir='ltr'><strong>tempore,</strong></span> 
     </span>
     <span class='ocr_line' id='line_1_47' title="bbox 2738 2593 4156 2710; baseline 0.004 -25"><span class='ocrx_word' id='word_1_258' title='bbox 2738 2620 2793 2686; x_wconf 85' lang='lat' dir='ltr'><strong>si</strong></span> <span class='ocrx_word' id='word_1_259' title='bbox 2824 2619 3087 2686; x_wconf 86' lang='lat' dir='ltr'><strong>Numen</strong></span> <span class='ocrx_word' id='word_1_260' title='bbox 3120 2622 3443 2688; x_wconf 77' lang='lat' dir='ltr'><strong>annuerit.</strong></span> <span class='ocrx_word' id='word_1_261' title='bbox 3480 2621 3560 2688; x_wconf 91' lang='lat' dir='ltr'><strong>In</strong></span> <span class='ocrx_word' id='word_1_262' title='bbox 3606 2593 3939 2708; x_wconf 75' lang='lat' dir='ltr'><strong>praesenti</strong></span> <span class='ocrx_word' id='word_1_263' title='bbox 3986 2605 4156 2710; x_wconf 59' lang='lat' dir='ltr'><strong>quiss</strong></span> 
     </span>
     <span class='ocr_line' id='line_1_48' title="bbox 2738 2743 4153 2834; baseline 0.004 -24"><span class='ocrx_word' id='word_1_264' title='bbox 2738 2746 2885 2810; x_wconf 91' lang='lat' dir='ltr'><strong>dem</strong></span> <span class='ocrx_word' id='word_1_265' title='bbox 2910 2743 3243 2812; x_wconf 84' lang='lat' dir='ltr'><strong>Serenitas</strong></span> <span class='ocrx_word' id='word_1_266' title='bbox 3269 2751 3513 2828; x_wconf 89' lang='lat' dir='ltr'><strong>nostra,</strong></span> <span class='ocrx_word' id='word_1_267' title='bbox 3542 2771 3619 2814; x_wconf 88' lang='lat' dir='ltr'><strong>ea</strong></span> <span class='ocrx_word' id='word_1_268' title='bbox 3644 2772 3811 2834; x_wconf 92' lang='lat' dir='ltr'><strong>quae</strong></span> <span class='ocrx_word' id='word_1_269' title='bbox 3836 2749 4014 2816; x_wconf 87' lang='lat' dir='ltr'><strong>circa</strong></span> <span class='ocrx_word' id='word_1_270' title='bbox 4044 2751 4153 2816; x_wconf 91' lang='lat' dir='ltr'><strong>le-</strong></span> 
     </span>
     <span class='ocr_line' id='line_1_49' title="bbox 2740 2872 4149 2960; baseline 0.004 -25"><span class='ocrx_word' id='word_1_271' title='bbox 2740 2891 2856 2955; x_wconf 85' lang='lat' dir='ltr'><strong>ges</strong></span> <span class='ocrx_word' id='word_1_272' title='bbox 2888 2876 3244 2954; x_wconf 81' lang='lat' dir='ltr'><strong>peccantur</strong></span> <span class='ocrx_word' id='word_1_273' title='bbox 3282 2872 3425 2938; x_wconf 81' lang='lat' dir='ltr'><strong>vult</strong></span> <span class='ocrx_word' id='word_1_274' title='bbox 3474 2873 3821 2960; x_wconf 86' lang='lat' dir='ltr'><strong>corrigere,</strong></span> <span class='ocrx_word' id='word_1_275' title='bbox 3856 2875 4149 2960; x_wconf 84' lang='lat' dir='ltr'><strong>iniquis-</strong></span> 
     </span>
     <span class='ocr_line' id='line_1_50' title="bbox 2738 2995 4149 3086; baseline 0.004 -26"><span class='ocrx_word' id='word_1_276' title='bbox 2738 2995 2973 3060; x_wconf 89' lang='lat' dir='ltr'><strong>simum</strong></span> <span class='ocrx_word' id='word_1_277' title='bbox 3007 2995 3298 3086; x_wconf 82' lang='lat' dir='ltr'><strong>iudicans</strong></span> <span class='ocrx_word' id='word_1_278' title='bbox 3331 2996 3531 3082; x_wconf 74' lang='lat' dir='ltr'><strong>legeS,</strong></span> <span class='ocrx_word' id='word_1_279' title='bbox 3566 3021 3733 3083; x_wconf 89' lang='lat' dir='ltr'><strong>quae</strong></span> <span class='ocrx_word' id='word_1_280' title='bbox 3770 2999 3972 3066; x_wconf 85' lang='lat' dir='ltr'><strong>vitam</strong></span> <span class='ocrx_word' id='word_1_281' title='bbox 4010 3023 4149 3066; x_wconf 86' lang='lat' dir='ltr'><strong>no-</strong></span> 
     </span>
     <span class='ocr_line' id='line_1_51' title="bbox 2738 3121 4143 3211; baseline 0.003 -25"><span class='ocrx_word' id='word_1_282' title='bbox 2738 3126 2939 3187; x_wconf 86' lang='lat' dir='ltr'><strong>stram</strong></span> <span class='ocrx_word' id='word_1_283' title='bbox 2972 3123 3053 3187; x_wconf 89' lang='lat' dir='ltr'><strong>ab</strong></span> <span class='ocrx_word' id='word_1_284' title='bbox 3083 3121 3432 3207; x_wconf 84' lang='lat' dir='ltr'><strong>iniquitate</strong></span> <span class='ocrx_word' id='word_1_285' title='bbox 3462 3122 3766 3202; x_wconf 86' lang='lat' dir='ltr'><strong>liberant,</strong></span> <span class='ocrx_word' id='word_1_286' title='bbox 3802 3124 3910 3196; x_wconf 86' lang='lat' dir='ltr'><strong>diu</strong></span> <span class='ocrx_word' id='word_1_287' title='bbox 3951 3125 4143 3211; x_wconf 86' lang='lat' dir='ltr'><strong>ipsas</strong></span> 
     </span>
     <span class='ocr_line' id='line_1_52' title="bbox 2734 3243 4141 3332; baseline 0.004 -23"><span class='ocrx_word' id='word_1_288' title='bbox 2734 3245 2975 3312; x_wconf 86' lang='lat' dir='ltr'><strong>iniuria</strong></span> <span class='ocrx_word' id='word_1_289' title='bbox 3002 3246 3189 3312; x_wconf 88' lang='lat' dir='ltr'><strong>adfici</strong></span> <span class='ocrx_word' id='word_1_290' title='bbox 3214 3247 3445 3327; x_wconf 90' lang='lat' dir='ltr'><strong>sinere,</strong></span> <span class='ocrx_word' id='word_1_291' title='bbox 3474 3250 3540 3312; x_wconf 90' lang='lat' dir='ltr'><strong>et</strong></span> <span class='ocrx_word' id='word_1_292' title='bbox 3568 3243 3593 3279; x_wconf 80' lang='lat'>⁸</span> <span class='ocrx_word' id='word_1_293' title='bbox 3621 3271 3789 3332; x_wconf 89' lang='lat' dir='ltr'><strong>quae</strong></span> <span class='ocrx_word' id='word_1_294' title='bbox 3814 3247 3958 3314; x_wconf 86' lang='lat' dir='ltr'><strong>aliis</strong></span> <span class='ocrx_word' id='word_1_295' title='bbox 3992 3273 4141 3315; x_wconf 92' lang='lat' dir='ltr'><strong>om-</strong></span> 
     </span>
     <span class='ocr_line' id='line_1_53' title="bbox 2737 3372 4237 3459; baseline 0.003 -22"><span class='ocrx_word' id='word_1_296' title='bbox 2737 3372 2929 3438; x_wconf 89' lang='lat' dir='ltr'><strong>nibus</strong></span> <span class='ocrx_word' id='word_1_297' title='bbox 2964 3373 3473 3440; x_wconf 85' lang='lat' dir='ltr'><strong>concinnitatem</strong></span> <span class='ocrx_word' id='word_1_298' title='bbox 3506 3374 3931 3459; x_wconf 85' lang='lat' dir='ltr'><strong>ordinemque</strong></span> <span class='ocrx_word' id='word_1_299' title='bbox 3975 3398 4141 3441; x_wconf 88' lang='lat' dir='ltr'><strong>con·</strong></span> <span class='ocrx_word' id='word_1_300' title='bbox 4225 3394 4237 3415; x_wconf 67' lang='lat'>⁸</span> 
     </span>
     <span class='ocr_line' id='line_1_54' title="bbox 2736 3497 4140 3583; baseline 0.003 -21"><span class='ocrx_word' id='word_1_301' title='bbox 2736 3497 2978 3576; x_wconf 89' lang='lat' dir='ltr'><strong>ferunt,</strong></span> <span class='ocrx_word' id='word_1_302' title='bbox 3014 3521 3123 3563; x_wconf 84' lang='lat' dir='ltr'><strong>eas</strong></span> <span class='ocrx_word' id='word_1_303' title='bbox 3154 3503 3343 3564; x_wconf 86' lang='lat' dir='ltr'><strong>tanta</strong></span> <span class='ocrx_word' id='word_1_304' title='bbox 3388 3499 3882 3583; x_wconf 78' lang='lat' dir='ltr'><strong>perturbatione</strong></span> <span class='ocrx_word' id='word_1_305' title='bbox 3926 3500 4140 3566; x_wconf 86' lang='lat' dir='ltr'><strong>iacta-</strong></span> 
     </span>
     <span class='ocr_line' id='line_1_55' title="bbox 2736 3624 4135 3711; baseline 0 -22"><span class='ocrx_word' id='word_1_306' title='bbox 2736 3628 2840 3690; x_wconf 90' lang='lat' dir='ltr'><strong>tas</strong></span> <span class='ocrx_word' id='word_1_307' title='bbox 2879 3624 3217 3711; x_wconf 85' lang='lat' dir='ltr'><strong>negligere</strong></span> <span class='ocrx_word' id='word_1_308' title='bbox 3241 3648 3256 3703; x_wconf 76' lang='grc' dir='ltr'>ς</span> <span class='ocrx_word' id='word_1_309' title='bbox 3283 3624 3667 3709; x_wconf 87' lang='lat' dir='ltr'><strong>nullumque</strong></span> <span class='ocrx_word' id='word_1_310' title='bbox 3692 3646 3812 3691; x_wconf 86' lang='lat' dir='ltr'><strong>nos</strong></span> <span class='ocrx_word' id='word_1_311' title='bbox 3843 3624 4135 3691; x_wconf 83' lang='lat' dir='ltr'><strong>studium</strong></span> 
     </span>
     <span class='ocr_line' id='line_1_56' title="bbox 2738 3748 4132 3836; baseline -0.003 -21"><span class='ocrx_word' id='word_1_312' title='bbox 2738 3754 2875 3815; x_wconf 88' lang='lat' dir='ltr'><strong>tam</strong></span> <span class='ocrx_word' id='word_1_313' title='bbox 2922 3751 3130 3815; x_wconf 88' lang='lat' dir='ltr'><strong>bonae</strong></span> <span class='ocrx_word' id='word_1_314' title='bbox 3176 3748 3273 3815; x_wconf 92' lang='lat' dir='ltr'><strong>rei</strong></span> <span class='ocrx_word' id='word_1_315' title='bbox 3316 3748 3713 3836; x_wconf 84' lang='lat' dir='ltr'><strong>impendere,</strong></span> <span class='ocrx_word' id='word_1_316' title='bbox 3748 3750 4132 3835; x_wconf 80' lang='lat' dir='ltr'><strong>magisterio</strong></span> 
     </span>
     <span class='ocr_line' id='line_1_57' title="bbox 2738 3874 4132 3962; baseline 0.001 -23"><span class='ocrx_word' id='word_1_317' title='bbox 2738 3874 2965 3960; x_wconf 90' lang='lat' dir='ltr'><strong>legum</strong></span> <span class='ocrx_word' id='word_1_318' title='bbox 3012 3875 3174 3955; x_wconf 81' lang='lat' dir='ltr'><strong>dico,</strong></span> <span class='ocrx_word' id='word_1_319' title='bbox 3224 3897 3391 3959; x_wconf 89' lang='lat' dir='ltr'><strong>quae</strong></span> <span class='ocrx_word' id='word_1_320' title='bbox 3438 3880 3506 3940; x_wconf 83' lang='lat' dir='ltr'><strong>et</strong></span> <span class='ocrx_word' id='word_1_321' title='bbox 3550 3897 3831 3962; x_wconf 87' lang='lat' dir='ltr'><strong>regnum</strong></span> <span class='ocrx_word' id='word_1_322' title='bbox 3884 3876 4132 3962; x_wconf 89' lang='lat' dir='ltr'><strong>glorio-</strong></span> 
     </span>
     <span class='ocr_line' id='line_1_58' title="bbox 2738 4000 4133 4085; baseline 0.001 -20"><span class='ocrx_word' id='word_1_323' title='bbox 2738 4023 2881 4065; x_wconf 89' lang='lat' dir='ltr'><strong>sum</strong></span> <span class='ocrx_word' id='word_1_324' title='bbox 2928 4006 2995 4067; x_wconf 91' lang='lat' dir='ltr'><strong>et</strong></span> <span class='ocrx_word' id='word_1_325' title='bbox 3055 4000 3261 4065; x_wconf 80' lang='lat' dir='ltr'><strong>vitam</strong></span> <span class='ocrx_word' id='word_1_326' title='bbox 3317 4000 3721 4085; x_wconf 84' lang='lat' dir='ltr'><strong>inculpatam</strong></span> <span class='ocrx_word' id='word_1_327' title='bbox 3742 4050 3757 4079; x_wconf 92' lang='lat'><strong>,</strong></span> <span class='ocrx_word' id='word_1_328' title='bbox 3807 4023 3953 4066; x_wconf 86' lang='lat' dir='ltr'><strong>cum</strong></span> <span class='ocrx_word' id='word_1_329' title='bbox 4004 4000 4133 4067; x_wconf 86' lang='lat' dir='ltr'><strong>Dei</strong></span> 
     </span>
     <span class='ocr_line' id='line_1_59' title="bbox 2737 4129 3363 4210; baseline -0.003 -19"><span class='ocrx_word' id='word_1_330' title='bbox 2737 4148 2957 4205; x_wconf 86' lang='lat' dir='ltr'><strong>mann,</strong></span> <span class='ocrx_word' id='word_1_331' title='bbox 3006 4129 3363 4210; x_wconf 84' lang='lat' dir='ltr'><strong>praestant.</strong></span> 
     </span>
    </p>
   </div>
   <div class='ocr_carea' id='block_1_7' title="bbox 2738 4368 4173 5334">
    <p class='ocr_par' dir='ltr' id='par_1_9' title="bbox 2738 4368 4173 5334">
     <span class='ocr_line' id='line_1_60' title="bbox 2827 4368 4131 4463; baseline 0 -21"><span class='ocrx_word' id='word_1_332' title='bbox 2827 4376 3133 4444; x_wconf 88' lang='lat' dir='ltr'><strong>Profecto</strong></span> <span class='ocrx_word' id='word_1_333' title='bbox 3156 4376 3328 4443; x_wconf 89' lang='lat' dir='ltr'><strong>enim</strong></span> <span class='ocrx_word' id='word_1_334' title='bbox 3348 4398 3549 4462; x_wconf 86' lang='lat' dir='ltr'><strong>grave</strong></span> <span class='ocrx_word' id='word_1_335' title='bbox 3574 4368 4015 4463; x_wconf 80' lang='lat' dir='ltr'><strong>miserumque</strong></span> <span class='ocrx_word' id='word_1_336' title='bbox 4031 4382 4131 4444; x_wconf 85' lang='lat' dir='ltr'><strong>est</strong></span> 
     </span>
     <span class='ocr_line' id='line_1_61' title="bbox 2740 4502 4173 4599; baseline -0.001 -32"><span class='ocrx_word' id='word_1_337' title='bbox 2740 4502 2884 4567; x_wconf 83' lang='lat' dir='ltr'><strong>aliis</strong></span> <span class='ocrx_word' id='word_1_338' title='bbox 2941 4502 3202 4586; x_wconf 89' lang='lat' dir='ltr'><strong>quidem</strong></span> <span class='ocrx_word' id='word_1_339' title='bbox 3258 4502 3543 4568; x_wconf 88' lang='lat' dir='ltr'><strong>scientiis</strong></span> <span class='ocrx_word' id='word_1_340' title='bbox 3568 4593 3577 4599; x_wconf 91' lang='lat'><strong>.</strong></span> <span class='ocrx_word' id='word_1_341' title='bbox 3604 4507 3802 4587; x_wconf 90' lang='lat' dir='ltr'><strong>atque</strong></span> <span class='ocrx_word' id='word_1_342' title='bbox 3858 4504 4173 4590; x_wconf 56' lang='lat' dir='ltr'><strong>artibus,⁴</strong></span> 
     </span>
     <span class='ocr_line' id='line_1_62' title="bbox 2740 4626 4130 4712; baseline -0.001 -19"><span class='ocrx_word' id='word_1_343' title='bbox 2740 4632 3067 4712; x_wconf 86' lang='lat' dir='ltr'><strong>quotquot</strong></span> <span class='ocrx_word' id='word_1_344' title='bbox 3111 4626 3413 4693; x_wconf 87' lang='lat' dir='ltr'><strong>liberales</strong></span> <span class='ocrx_word' id='word_1_345' title='bbox 3459 4631 3629 4705; x_wconf 85' lang='lat' dir='ltr'><strong>sunt,</strong></span> <span class='ocrx_word' id='word_1_346' title='bbox 3678 4632 3747 4693; x_wconf 88' lang='lat' dir='ltr'><strong>et</strong></span> <span class='ocrx_word' id='word_1_347' title='bbox 3786 4626 4130 4692; x_wconf 86' lang='lat' dir='ltr'><strong>illiberali-</strong></span> 
     </span>
     <span class='ocr_line' id='line_1_63' title="bbox 2738 4750 4127 4837; baseline -0.001 -20"><span class='ocrx_word' id='word_1_348' title='bbox 2738 4752 2861 4819; x_wconf 89' lang='lat' dir='ltr'><strong>bus</strong></span> <span class='ocrx_word' id='word_1_349' title='bbox 2888 4752 3085 4817; x_wconf 90' lang='lat' dir='ltr'><strong>etiam</strong></span> <span class='ocrx_word' id='word_1_350' title='bbox 3109 4752 3461 4830; x_wconf 85' lang='lat' dir='ltr'><strong>nonnullis,</strong></span> <span class='ocrx_word' id='word_1_351' title='bbox 3489 4750 3789 4837; x_wconf 86' lang='lat' dir='ltr'><strong>propria-s</strong></span> <span class='ocrx_word' id='word_1_352' title='bbox 3824 4751 4005 4817; x_wconf 84' lang='lat' dir='ltr'><strong>sedes</strong></span> <span class='ocrx_word' id='word_1_353' title='bbox 4028 4755 4127 4816; x_wconf 84' lang='lat' dir='ltr'><strong>at—</strong></span> 
     </span>
     <span class='ocr_line' id='line_1_64' title="bbox 2743 4875 4127 4964; baseline -0.002 -22"><span class='ocrx_word' id='word_1_354' title='bbox 2743 4900 2869 4963; x_wconf 91' lang='lat' dir='ltr'><strong>que</strong></span> <span class='ocrx_word' id='word_1_355' title='bbox 2918 4877 3271 4964; x_wconf 85' lang='lat' dir='ltr'><strong>magistros</strong></span> <span class='ocrx_word' id='word_1_356' title='bbox 3318 4878 3505 4942; x_wconf 84' lang='lat' dir='ltr'><strong>datos</strong></span> <span class='ocrx_word' id='word_1_357' title='bbox 3537 4877 3757 4955; x_wconf 84' lang='lat' dir='ltr'><strong>fuisse,</strong></span> <span class='ocrx_word' id='word_1_358' title='bbox 3805 4875 4127 4961; x_wconf 85' lang='lat' dir='ltr'><strong>praesides</strong></span> 
     </span>
     <span class='ocr_line' id='line_1_65' title="bbox 2748 5000 4129 5088; baseline -0.004 -20"><span class='ocrx_word' id='word_1_359' title='bbox 2748 5025 3010 5088; x_wconf 90' lang='lat' dir='ltr'><strong>quoque</strong></span> <span class='ocrx_word' id='word_1_360' title='bbox 3038 5001 3402 5080; x_wconf 74' lang='lat' dir='ltr'><strong>adtributos</strong></span> <span class='ocrx_word' id='word_1_361' title='bbox 3428 5007 3495 5067; x_wconf 88' lang='lat' dir='ltr'><strong>et</strong></span> <span class='ocrx_word' id='word_1_362' title='bbox 3521 5000 3864 5087; x_wconf 83' lang='lat' dir='ltr'><strong>adsignata</strong></span> <span class='ocrx_word' id='word_1_363' title='bbox 3890 5000 4129 5084; x_wconf 86' lang='lat' dir='ltr'><strong>stipen-</strong></span> 
     </span>
     <span class='ocr_line' id='line_1_66' title="bbox 2743 5124 4128 5212; baseline -0.003 -21"><span class='ocrx_word' id='word_1_364' title='bbox 2743 5127 2848 5192; x_wconf 84' lang='lat' dir='ltr'><strong>dia</strong></span> <span class='ocrx_word' id='word_1_365' title='bbox 2897 5126 3079 5212; x_wconf 88' lang='lat' dir='ltr'><strong>(quid</strong></span> <span class='ocrx_word' id='word_1_366' title='bbox 3126 5125 3195 5190; x_wconf 90' lang='lat' dir='ltr'><strong>ni</strong></span> <span class='ocrx_word' id='word_1_367' title='bbox 3244 5126 3417 5191; x_wconf 89' lang='lat' dir='ltr'><strong>enim</strong></span> <span class='ocrx_word' id='word_1_368' title='bbox 3464 5125 3619 5191; x_wconf 89' lang='lat' dir='ltr'><strong>boni</strong></span> <span class='ocrx_word' id='word_1_369' title='bbox 3678 5124 3924 5209; x_wconf 74' lang='lat' dir='ltr'><strong>ahquid</strong></span> <span class='ocrx_word' id='word_1_370' title='bbox 3980 5146 4128 5188; x_wconf 90' lang='lat' dir='ltr'><strong>con-</strong></span> 
     </span>
     <span class='ocr_line' id='line_1_67' title="bbox 2741 5248 4127 5334; baseline -0.004 -17"><span class='ocrx_word' id='word_1_371' title='bbox 2741 5252 3009 5318; x_wconf 87' lang='lat' dir='ltr'><strong>cedatur</strong></span> <span class='ocrx_word' id='word_1_372' title='bbox 3055 5251 3137 5317; x_wconf 91' lang='lat' dir='ltr'><strong>ad</strong></span> <span class='ocrx_word' id='word_1_373' title='bbox 3184 5274 3293 5317; x_wconf 87' lang='lat' dir='ltr'><strong>eas</strong></span> <span class='ocrx_word' id='word_1_374' title='bbox 3327 5255 3500 5316; x_wconf 88' lang='lat' dir='ltr'><strong>artes</strong></span> <span class='ocrx_word' id='word_1_375' title='bbox 3532 5248 3986 5334; x_wconf 89' lang='lat' dir='ltr'><strong>profitentium</strong></span> <span class='ocrx_word' id='word_1_376' title='bbox 4028 5269 4127 5312; x_wconf 88' lang='lat' dir='ltr'><strong>so-</strong></span> 
     </span>
    </p>
   </div>
   <div class='ocr_carea' id='block_1_8' title="bbox 1219 5527 4135 5795">
    <p class='ocr_par' dir='ltr' id='par_1_10' title="bbox 1219 5527 4135 5795">
     <span class='ocr_line' id='line_1_68' title="bbox 1390 5527 4135 5609; baseline -0.003 -18"><span class='ocrx_word' id='word_1_377' title='bbox 1390 5538 1408 5573; x_wconf 83' lang='lat'>1</span> <span class='ocrx_word' id='word_1_378' title='bbox 1438 5536 1598 5591; x_wconf 83' lang='lat' dir='ltr'><strong>Male</strong></span> <span class='ocrx_word' id='word_1_379' title='bbox 1624 5535 1808 5592; x_wconf 86' lang='lat' dir='ltr'><strong>codex</strong></span> <span class='ocrx_word' id='word_1_380' title='bbox 1834 5534 2042 5591; x_wconf 83' lang='lat' dir='ltr'><strong>scribit</strong></span> <span class='ocrx_word' id='word_1_381' title='bbox 2066 5536 2281 5608; x_wconf 57' lang='grc' dir='ltr'>γαλήνη</span> <span class='ocrx_word' id='word_1_382' title='bbox 2306 5552 2413 5607; x_wconf 91' lang='lat' dir='ltr'><strong>pro</strong></span> <span class='ocrx_word' id='word_1_383' title='bbox 2450 5536 2665 5609; x_wconf 70' lang='grc' dir='ltr'>γαλήνη.</span> <span class='ocrx_word' id='word_1_384' title='bbox 2689 5565 2731 5577; x_wconf 90' lang='grc'>-</span> <span class='ocrx_word' id='word_1_385' title='bbox 2752 5534 2775 5571; x_wconf 77' lang='lat'>²</span> <span class='ocrx_word' id='word_1_386' title='bbox 2800 5531 3033 5590; x_wconf 80' lang='lat' dir='ltr'><strong>Codicis</strong></span> <span class='ocrx_word' id='word_1_387' title='bbox 3057 5532 3295 5605; x_wconf 81' lang='lat' dir='ltr'><strong>pagella</strong></span> <span class='ocrx_word' id='word_1_388' title='bbox 3331 5532 3523 5587; x_wconf 85' lang='lat' dir='ltr'><strong>altera</strong></span> <span class='ocrx_word' id='word_1_389' title='bbox 3558 5528 3687 5588; x_wconf 80' lang='lat' dir='ltr'><strong>folii</strong></span> <span class='ocrx_word' id='word_1_390' title='bbox 3712 5530 3833 5585; x_wconf 79' lang='lat'><strong>283.</strong></span> <span class='ocrx_word' id='word_1_391' title='bbox 3860 5560 3911 5570; x_wconf 92' lang='lat'><strong>—-</strong></span> <span class='ocrx_word' id='word_1_392' title='bbox 3934 5531 3959 5568; x_wconf 78' lang='lat'>³</span> <span class='ocrx_word' id='word_1_393' title='bbox 3978 5527 4135 5583; x_wconf 86' lang='lat' dir='ltr'><strong>Hinc</strong></span> 
     </span>
     <span class='ocr_line' id='line_1_69' title="bbox 1245 5619 4134 5700; baseline -0.003 -18"><span class='ocrx_word' id='word_1_394' title='bbox 1245 5626 1662 5700; x_wconf 85' lang='lat' dir='ltr'><strong>paragraphus</strong></span> <span class='ocrx_word' id='word_1_395' title='bbox 1699 5626 1732 5681; x_wconf 80' lang='lat'><strong>7</strong></span> <span class='ocrx_word' id='word_1_396' title='bbox 1771 5624 2183 5697; x_wconf 82' lang='lat' dir='ltr'><strong>Gottingensis</strong></span> <span class='ocrx_word' id='word_1_397' title='bbox 2221 5624 2515 5681; x_wconf 85' lang='lat' dir='ltr'><strong>editionis.</strong></span> <span class='ocrx_word' id='word_1_398' title='bbox 2552 5656 2593 5667; x_wconf 91' lang='lat'>-</span> <span class='ocrx_word' id='word_1_399' title='bbox 2624 5627 2649 5661; x_wconf 86' lang='lat'><strong>⁴</strong></span> <span class='ocrx_word' id='word_1_400' title='bbox 2682 5622 3029 5695; x_wconf 85' lang='lat' dir='ltr'><strong>Apographi</strong></span> <span class='ocrx_word' id='word_1_401' title='bbox 3066 5621 3265 5693; x_wconf 80' lang='lat' dir='ltr'><strong>graeci</strong></span> <span class='ocrx_word' id='word_1_402' title='bbox 3318 5620 3541 5677; x_wconf 78' lang='lat' dir='ltr'><strong>Maiani</strong></span> <span class='ocrx_word' id='word_1_403' title='bbox 3590 5620 3691 5677; x_wconf 86' lang='lat' dir='ltr'><strong>fol.</strong></span> <span class='ocrx_word' id='word_1_404' title='bbox 3732 5620 3816 5675; x_wconf 78' lang='lat'><strong>12.</strong></span> <span class='ocrx_word' id='word_1_405' title='bbox 3854 5650 3899 5662; x_wconf 90' lang='lat'><em>-</em></span> <span class='ocrx_word' id='word_1_406' title='bbox 3932 5622 3957 5657; x_wconf 73' lang='lat'><strong>⁵</strong></span> <span class='ocrx_word' id='word_1_407' title='bbox 3990 5619 4134 5681; x_wconf 77' lang='lat' dir='ltr'><strong>Ver-</strong></span> 
     </span>
     <span class='ocr_line' id='line_1_70' title="bbox 1219 5710 3351 5795; baseline -0.005 -20"><span class='ocrx_word' id='word_1_408' title='bbox 1219 5716 1438 5775; x_wconf 85' lang='lat' dir='ltr'><strong>·sionis</strong></span> <span class='ocrx_word' id='word_1_409' title='bbox 1476 5716 1696 5773; x_wconf 84' lang='lat' dir='ltr'><strong>latinae</strong></span> <span class='ocrx_word' id='word_1_410' title='bbox 1731 5714 1855 5775; x_wconf 74' lang='lat' dir='ltr'><strong>Mai</strong></span> <span class='ocrx_word' id='word_1_411' title='bbox 1901 5714 2000 5773; x_wconf 86' lang='lat' dir='ltr'><strong>fol.</strong></span> <span class='ocrx_word' id='word_1_412' title='bbox 2041 5716 2123 5769; x_wconf 89' lang='lat'><strong>11.</strong></span> <span class='ocrx_word' id='word_1_413' title='bbox 2157 5745 2197 5756; x_wconf 91' lang='lat'>-</span> <span class='ocrx_word' id='word_1_414' title='bbox 2231 5715 2256 5751; x_wconf 73' lang='lat'><strong>⁶</strong></span> <span class='ocrx_word' id='word_1_415' title='bbox 2293 5713 2525 5772; x_wconf 80' lang='lat' dir='ltr'><strong>Codicis</strong></span> <span class='ocrx_word' id='word_1_416' title='bbox 2562 5710 2801 5789; x_wconf 80' lang='lat' dir='ltr'><strong>pagella</strong></span> <span class='ocrx_word' id='word_1_417' title='bbox 2836 5711 3028 5795; x_wconf 83' lang='lat' dir='ltr'><strong>prima</strong></span> <span class='ocrx_word' id='word_1_418' title='bbox 3064 5710 3193 5766; x_wconf 84' lang='lat' dir='ltr'><strong>folii</strong></span> <span class='ocrx_word' id='word_1_419' title='bbox 3230 5710 3351 5767; x_wconf 81' lang='lat'><strong>284.</strong></span> 
     </span>
    </p>
   </div>
  </div>
 </body>
</html>
