4573 6666
2771 953 3030 960 ,ἡ

1173 844 1184 852 ‘
1286 855 1378 900 m·
1426 857 1790 903 Arnaufflo
1838 857 2633 904 coueran'rmoromwauo
3376 873 3393 904 ι

601 1189 806 1282 Νεαρὰ
834 1191 855 1227 ¹
903 1189 1330 1281 ὲκφωνηθεῒσα
1361 1193 1530 1283 παρὰ
1563 1203 1674 1258 τοῦ
1723 1199 1897 1284 φιλο·
2097 1183 2367 1264 Novella
2412 1199 2585 1264 edita
2614 1221 2655 1265 a
2691 1198 2945 1266 Christo
2977 1205 3234 1265 amante
3280 1202 3399 1264 im-

511 1319 770 1408 χρίστου
819 1309 1146 1396 δεσπότου,
1194 1329 1382 1410 κυροῦ
1413 1322 1436 1361 ²
1484 1324 1897 1386 Κωνσταντί-
2004 1330 2301 1404 peratore
2332 1325 2587 1390 domino
2616 1323 3040 1391 Constantino
3062 1326 3403 1392 Monoma-

515 1465 620 1507 νου
667 1452 776 1506 τοῦ
837 1442 1248 1532 Μονομάχου,
1297 1445 1400 1508 ἐπὶ
1456 1455 1538 1530 τῇ
1589 1437 1900 1524 ἀναδείξει
2011 1449 2138 1527 che,
2189 1449 2266 1514 de
2310 1451 2623 1514 creatione
2664 1456 2721 1515 et
2753 1450 3043 1517 electione
3087 1451 3406 1532 Mayistri

515 1567 622 1631 καὶ
665 1569 946 1656 προβολῇ
1003 1577 1117 1632 τοῦ
1181 1559 1562 1634 διδασκάλου
1622 1579 1748 1632 τῶν
1797 1570 1900 1634 νό-

516 1717 646 1782 μων
675 1693 719 1756 3.

2011 1572 2274 1655 Leyam.

1159 2071 1196 2156 ἕ
1249 2075 1305 2139 1.
1354 2073 1722 2140 Exordium
1767 2099 1852 2121 2—-
1901 2076 2040 2142 Lex
2085 2082 2180 2142 est
2223 2069 2484 2157 imperii
2526 2077 2737 2143 robur.

603 2321 680 2384 α’.
715 2319 888 2385 Καὶ*
919 2320 1226 2410 τίς“ἑτέρα
1271 2323 1534 2414 φροντὶς,
1581 2335 1755 2389 ποῖον
1804 2325 1899 2415 ἔρ·-

513 2468 625 2536 γον
657 2443 696 2518 ἦ
735 2436 1108 2534 σπούδασμα
1145 2448 1434 2532 βασιλείᾳ
1467 2452 1706 2536 μᾶλλον
1753 2471 1902 2540 προ-

515 2583 706 2646 σῆκον
753 2583 869 2648 τῆς
915 2572 1058 2663 περὶ
1111 2572 1252 2649 τοὺς
1316 2574 1537 2663 νόμους
1583 2576 1898 2664 προνοίας;

519 2703 546 2732 ⁸
581 2697 746 2788 Τιμὴ
783 2697 902 2791 γὰρ
948 2699 1267 2783 βασιλέως,
1317 2699 1486 2765 κατὰ
1516 2700 1592 2766 τὸ
1637 2701 1848 2792 λόγιον
1873 2699 1900 2735 ⁰

521 2879 548 2908 ‚‚
578 2825 772 2915 κρίσιν
821 2828 1072 2917 ἀγαπᾶν
1103 2879 1127 2908 „
1165 2825 1271 2889 καὶ
1323 2831 1348 2880 ¹*
1385 2817 1738 2898 δικαιοσύνη
1793 2826 1900 2890 καὶ

523 3000 548 3029 ,,
577 2949 768 3038 κρίμα
793 2947 1172 3038 κατόρθωσις
1204 2959 1314 3013 τοῦ
1351 2947 1562 3040 θρόνου
1597 2931 1788 3015 αὐτοῦ
1817 2947 1897 3032 ,7.

512 3077 680 3165 Απερ
730 3073 934 3152 ἄλλως
969 3076 1300 3165 ἀμήχανον
1353 3078 1604 3160 βασιλεῖ
1637 3101 1900 3168 προσγε-

511 3199 754 3278 νέσθαι,
804 3201 972 3274 πλὴν
1022 3207 1090 3268 ἐκ
1138 3203 1328 3291 νόμου
1382 3202 1488 3267 καὶ
1535 3194 1638 3268 διὰ
1683 3203 1896 3293 νόμου,

513 3316 590 3390 δι’
640 3319 708 3391 οὗ
761 3327 1035 3411 βασιλεῖς
1095 3326 1504 3412 βασιλεύουσι,
1559 3327 1666 3391 καὶ
1713 3318 1898 3392 δυνά-

515 3474 682 3537 σται,
719 3450 827 3515 καὶ
859 3450 1156 3541 ἄρχοντες
1188 3452 1534 3543 κυριεύουσι
1565 3463 1681 3544 γῆς
1701 3450 1740 3514 ⁸.
1775 3456 1900 3517 Καί

511 3599 612 3641 τοι
650 3575 792 3666 παρ’
845 3580 1049 3641 αὐτῶν
1098 3578 1342 3643 ἐκείνων
1377 3588 1501 3643 τῶν
1549 3578 1750 3666 νόμων
1799 3601 1895 3643 νο-

514 3712 697 3789 μικῆς
755 3700 1096 3779 αὐθεντίας,
1154 3702 1230 3766 τὸ
1293 3703 1612 3786 βασιλικόν
1668 3727 1742 3767 τε
1789 3702 1896 3767 καὶ

512 3822 672 3891 θεῖον
720 3829 1106 3891 ἀπολέλυται
1152 3826 1412 3917 κράτος,
1461 3832 1541 3903 ὡς
1590 3828 1745 3892 αὐτὸ
1793 3818 1897 3892 δε-

512 3943 738 4030 σπόζον
788 3950 1108 4027 ἁπάντων,
1159 3955 1274 4039 οὐχ
1321 3950 1438 4015 ὑπό
1485 3974 1652 4027 τινος
1699 3950 1895 4015 ἄλλου

510 4084 636 4139 τῶν
683 4074 784 4141 ἐπὶ
828 4086 945 4167 γῆς
993 4067 1446 4165 δεσποζόμενον
1471 4073 1514 4140 ⁹.

600 4198 755 4265 Αλλ’
777 4204 982 4263 αὐτῶν
1003 4197 1056 4235 ¹⁰
1087 4201 1332 4265 ἐκείνων
1365 4200 1414 4237 ¹¹
1446 4200 1751 4289 ἀκούομεν
1787 4194 1895 4265 αὖ·

2100 2329 2160 2395 1.
2197 2327 2532 2404 Quaenam
2560 2325 2585 2361 ⁵
2614 2329 2744 2394 alia
2776 2351 2947 2410 cura,
2982 2331 3089 2396 vel
3120 2332 3295 2416 quod
3332 2355 3403 2397 o-

2009 2476 2152 2538 PUS‚
2182 2458 2297 2519 aut
2321 2454 2661 2539 occupatio
2685 2455 2906 2540 regiae
2934 2455 3245 2540 dignitati
3265 2478 3402 2520 ma-

2011 2580 2112 2668 gis
2147 2580 2557 2656 conveniensi,
2587 2603 2783 2664 quam
2808 2580 2975 2644 circa
3004 2579 3186 2664 leges
3219 2579 3400 2645 solli-

2009 2706 2269 2772 citudo?
2310 2705 2575 2769 Etenim
2606 2707 2748 2788 reyi
2792 2705 2997 2770 honor
3043 2711 3153 2784 est,
3189 2709 3264 2768 ut
3306 2704 3400 2768 ait

2008 2831 2363 2908 oraculum,
2415 2832 2797 2911 aequitatem
2848 2829 3143 2913 diligere:
3186 2833 3253 2894 et
3296 2832 3401 2895 iu-

2006 2958 2193 3021 stitia
2249 2961 2438 3036 atque
2491 2955 2804 3018 iudicium
2862 2957 3164 3019 correctio
3218 2954 3397 3019 sedis

2007 3081 2165 3144 eins.
2215 3077 2401 3154 Quod
2449 3076 2710 3161 quidem
2752 3077 2929 3141 haud
2960 3077 3219 3142 aliunde
3251 3077 3395 3163 regi

2007 3203 2272 3270 confieri
2318 3206 2558 3287 potest,
2617 3225 2814 3286 quam
2861 3225 2899 3266 a
2945 3201 3092 3286 lege
3149 3205 3215 3266 et
3272 3223 3392 3285 per

2005 3328 2241 3415 legem,
2290 3327 2357 3392 vi
2405 3326 2587 3393 cuius
2626 3349 2806 3411 reyes
2850 3333 3127 3410 reynant
3174 3332 3233 3391 et
3279 3327 3393 3410 dy-

2004 3460 2236 3519 nastae
2259 3474 2334 3519 ac
2348 3455 2689 3534 principes
2716 3453 3136 3517 dominantur
3158 3458 3391 3517 terrae.

2006 3577 2416 3661 Quamquam
2434 3599 2589 3642 vero
2610 3600 2647 3641 a
2672 3576 3152 3661 praedictarum
3168 3576 3391 3661 legum

2002 3704 2301 3789 legitima
2327 3703 2716 3768 auctoritate
2749 3702 3007 3787 regium
3038 3723 3398 3766 summum-

2005 3851 2130 3915 que
2176 3826 2523 3913 imperium
2566 3828 2852 3893 immune
2901 3833 3019 3908 est,
3070 3828 3222 3913 quia
3264 3828 3391 3893 hoc

2006 3953 2309 4018 omnibus
2365 3952 2739 4018 dominatur
2785 3957 2851 4017 et
2896 3952 3137 4018 nullius
3183 3957 3387 4018 terre-

2003 4100 2156 4143 nam
2202 4081 2603 4162 potestatem
2650 4077 2921 4162 patitur.

2091 4203 2303 4289 Leges
2329 4199 2380 4235 ¹²
2408 4207 2629 4269 tamen
2652 4202 2935 4270 vicissim
2963 4203 3257 4269 audimus
3283 4224 3410 4283 ex·-

662 4412 683 4447 ¹
707 4410 780 4466 In
805 4410 1007 4467 codice
1032 4428 1249 4483 graeco
1273 4411 1410 4468 Vat.
1439 4412 1545 4467 676
1568 4412 1668 4469 fol.
1695 4413 1804 4469 280
1834 4430 2010 4469 verso
2034 4412 2258 4484 legitur
2282 4412 2500 4469 titulus
2524 4429 2705 4467 aureo
2742 4411 3100 4483 charactere,
3126 4408 3399 4484 superius

506 4516 651 4557 vero
674 4499 736 4554 in
761 4499 1026 4571 margine
1054 4502 1246 4557 colore
1273 4500 1607 4557 cinnabari:
1649 4507 1746 4555 Τοῦ
1787 4504 1967 4573 αὐτοῢ;
1993 4521 2132 4557 nam
2158 4506 2492 4573 sequuntur
2517 4519 2697 4573 opera
2720 4499 2989 4557 eiusdem
3012 4498 3253 4556 Ioannis
3279 4500 3399 4554 Eu-

511 4588 835 4644 chaitensis
873 4588 936 4644 in
962 4607 1030 4645 eo
1057 4589 1358 4646 volumine
1386 4590 1706 4662 complexa.
1735 4590 2001 4648 Graecus
2026 4596 2231 4647 textus
2257 4608 2295 4645 a
2318 4590 2476 4646 Maio
2516 4590 2849 4663 descriptus
2874 4588 3083 4662 incipit
3106 4588 3207 4644 fol.
3234 4589 3268 4643 9
3288 4588 3399 4643 Co-

510 4676 659 4733 dicis
695 4675 865 4733 latini
890 4678 1025 4733 Vat.
1063 4678 1220 4734 9575.
1248 4710 1287 4721 -
1309 4680 1332 4716 ²
1369 4678 1464 4733 Sic
1501 4679 1627 4735 cod.
1653 4680 1852 4751 habet,
1878 4698 1987 4735 1100
2013 4684 2100 4751 κύρ
2125 4698 2236 4735 1100
2274 4672 2470 4751 κυρίου,’
2495 4684 2567 4735 ut
2592 4678 2727 4735 aliis
2752 4678 2814 4733 in
2850 4678 3013 4735 locis.
3038 4711 3077 4721 -
3112 4680 3135 4715 ³
3170 4678 3242 4732 In
3268 4676 3394 4731 cod.

513 4766 756 4822 add-itur
795 4754 861 4828 υἷ’
899 4784 1010 4823 seu
1047 4767 1313 4840 ιῦλόγπσον
1352 4768 1570 4820 δέσποτα
1609 4770 1844 4825 benedic
1880 4772 2128 4839 domine,
2167 4784 2321 4839 quae
2348 4767 2581 4823 dicendi
2609 4767 2803 4823 forma
2838 4772 2976 4839 post
3011 4765 3257 4821 titulum
3290 4765 3402 4821 lec-

508 4854 738 4911 tionum
761 4860 824 4911 et
859 4873 1198 4912 sermonum
1234 4856 1584 4929 plerumque
1619 4858 1898 4929 usurpari
1937 4858 2184 4913 solebat.
2221 4888 2262 4901 -
2297 4859 2322 4894 ⁴
2358 4856 2729 4928 Paragraphi
2764 4856 2915 4911 nulli
2953 4860 3095 4933 gunt
3132 4854 3396 4910 numeris

509 4944 776 5001 distincti
811 4943 874 5000 in
899 4945 1100 5001 codice
1127 4945 1256 5001 676:
1284 4946 1480 5001 Maius
1507 4945 1782 5001 distinxit
1807 4945 2098 5018 scriptum
2121 4946 2180 5001 in
2206 4945 2557 5019 quindecim,
2586 4944 2776 5000 editor
2809 4962 2953 5001 vero
2980 4942 3396 5015 Gottingensia

508 5033 571 5089 in
594 5033 811 5105 viginti
847 5039 1102 5107 septem:
1125 5035 1362 5091 Maiana
1381 5034 1585 5107 itaque
1603 5034 1702 5089 hic
1726 5036 2236 5107 paragraphorum
2262 5034 2643 5090 distinctione
2665 5038 2920 5103 servata,
2943 5032 3395 5103 Gottingeneem

506 5124 824 5183 innuemus
847 5126 910 5181 in
932 5126 1106 5181 notia.
1125 5157 1164 5167 -
1182 5128 1205 5163 ⁵
1223 5125 1455 5182 Codicis
1477 5125 1651 5180 latini
1675 5126 1808 5181 Vat.
1835 5124 1977 5179 9575
2003 5124 2419 5196 autographon
2444 5124 2663 5195 Angeli
2688 5124 2811 5179 Mai
2832 5124 2932 5179 fol.
2962 5122 3117 5179 male
3152 5140 3396 5197 praepo-

511 5214 712 5288 situm,
739 5234 878 5272 nam
899 5220 1039 5289 post
1062 5215 1162 5271 fol.
1189 5216 1226 5271 8
1263 5220 1392 5271 erat
1428 5214 1780 5287 ponendum.
1816 5244 1855 5257 -
1889 5215 1914 5251 ⁶
1951 5220 2169 5284 Ψαλμὸς
2213 5215 2311 5286 Lsn'.
2339 5215 2391 5269 4.
2418 5246 2461 5255 —
2484 5214 2507 5249 '⁷
2529 5218 2746 5283 Ψαλμὸς
2790 5214 2877 5286 ᾖς’.
2904 5216 2955 5268 2.
2992 5244 3031 5255 -
3065 5214 3089 5250 ⁸
3126 5216 3397 5283 Παροιμίαι

510 5309 826 5376 Σωλομόντος
858 5306 918 5363 ιη’
963 5305 1080 5361 etsi
1114 5305 1177 5360 in
1203 5306 1438 5361 comuni
1461 5310 1638 5361 textu
1652 5304 1826 5361 iuxta
1848 5305 2021 5360 LXX
2044 5305 2244 5377 aptius
2283 5310 2640 5377 argumento
2677 5304 2834 5377 legis
2871 5308 3156 5377 appareat
3192 5302 3266 5358 de
3304 5320 3397 5357 sa-

507 5393 733 5471 pientia
759 5394 984 5451 dictum
1021 5395 1084 5448 δι’
1122 5398 1238 5466 ἐμοῦ
1281 5395 1496 5459 βασιλεῖς
1527 5396 1853 5461 βασιλεύουσι,
1877 5401 1962 5447 καὶ
1991 5399 2035 5447 οἱ
2068 5400 2305 5447 δυνάσται
2330 5398 2577 5467 γράφουσι
2615 5396 2925 5450 δικαιοσύνην
2957 5410 3069 5464 per
3102 5409 3195 5449 ‘me
3228 5408 3395 5465 reyes

505 5488 776 5557 reynant,
801 5486 856 5541 et
869 5486 1137 5555 potentes
1172 5486 1444 5541 scr-ibunt
1477 5486 1768 5539 iustitiam
1781 5499 1805 5553 ;
1830 5488 2031 5538 tamen
2057 5482 2144 5539 sic
2169 5488 2263 5539 est
2288 5483 2350 5539 in
2374 5482 2591 5539 codice.
2617 5514 2657 5525 -
2678 5484 2702 5519 ⁹
2726 5482 2849 5538 Mai
2875 5481 2959 5538 sic
2986 5480 3194 5537 scribit
3225 5486 3297 5537 ut
3334 5485 3397 5535 et

508 5573 696 5629 codex
719 5574 914 5645 habet,
943 5574 1050 5629 sed
1070 5575 1420 5643 δεσποζόμενον
1450 5574 1632 5629 habet
1659 5572 1838 5629 editio
1867 5572 2135 5643 Gotting.
2155 5604 2193 5615 -
2213 5574 2257 5610 ¹⁰
2281 5572 2437 5628 Hinc
2462 5572 2875 5645 paragraphus
2893 5573 2929 5626 2
2954 5570 3232 5626 editionis
3252 5568 3393 5624 Got-

511 5662 658 5741 ting.
695 5696 740 5705 -
777 5666 818 5701 ¹¹
858 5662 1092 5723 Codicis
1127 5664 1369 5738 pagella
1405 5662 1598 5737 prima
1633 5662 1763 5719 folii
1798 5664 1922 5719 281.
1959 5694 1997 5704 —
2035 5664 2078 5699 ¹²
2113 5662 2194 5719 Et
2229 5660 2291 5717 in
2329 5662 2613 5729 versione,
2641 5662 2828 5720 latina
2865 5680 2901 5719 a
2937 5661 3096 5719 linea
3140 5658 3396 5717 exordiri
