4573 6666
1267 871 1356 936 26
2354 903 2445 946 me
2492 905 2720 950 Lacum
2766 906 3065 953 cns'romz:

1269 987 2175 998 —-———--——-—.-—-.--—--—---
2218 993 2630 1002 -——-—--——

1269 1098 1610 1188 δάσκοντες
1658 1117 1716 1176 οἱ
1757 1121 1884 1177 τῶν
1933 1124 2202 1202 νομικῶν
2241 1107 2479 1206 ἀνδρῶν
2526 1109 2657 1193 ἑξο-

1265 1236 1549 1324 χώτατοι
1593 1241 1655 1304 ἐν
1703 1249 1834 1316 τοῖς
1883 1239 2009 1306 ἄνω
2041 1241 2280 1332 χρόνοις
2328 1241 2655 1318 ἠκούοντο·

1263 1366 1420 1452 ὑμᾶς
1470 1354 1536 1429 δὲ
1592 1356 1741 1454 μηδ’
1792 1367 1948 1432 οἴκοι
1994 1367 2070 1432 τὸ
2135 1367 2329 1432 καλὸν
2376 1368 2655 1458 ἔχοντας·

1265 1489 1600 1554 ἀπολαύειν
1649 1489 1878 1556 ἐθέλειν
1939 1493 2057 1558 ὑπό
2119 1517 2283 1569 τινος
2348 1496 2653 1570 κακίστης

1269 1617 1637 1706 ἀβελτερίας
1667 1617 1686 1652 ¹
1741 1619 1832 1706 (τί
1873 1613 1992 1712 γὰρ
2039 1620 2113 1685 ἄν
2161 1645 2254 1696 τις
2302 1622 2510 1711 ἕτερον
2558 1628 2655 1686 αἰ-

1264 1741 1556 1806 τιάσαιτο
1575 1741 1642 1832 ς),
1691 1743 1856 1810 ἀλλά
1887 1744 2154 1835 πάσχειν
2188 1747 2384 1811 ἐκεῖνο
2414 1747 2490 1812 τὸ
2540 1772 2655 1834 μυ-

1263 1865 1432 1932 θικὸν
1482 1867 1589 1932 καὶ
1633 1867 1946 1958 ὑμέτερον·
1979 1874 2042 1934 ἐν
2093 1869 2249 1959 μέσῃ
2302 1882 2479 1963 πηγῇ
2530 1897 2654 1962 χα-

1261 1996 1436 2075 λεπῷ
1482 1987 1858 2073 κολάζεσθαι
1906 1986 2079 2084 δίψει.

1354 2109 1720 2208 Μηδαμῶς*
1755 2113 1858 2185 οὖν
1894 2121 2125 2210 μηκέτι
2154 2124 2263 2188 τὸν
2296 2124 2505 2214 καιρὸν
2538 2135 2654 2200 τῆς

1263 2247 1468 2333 ἀκμῆς
1523 2249 1586 2310 ἐν
1644 2257 1773 2322 τοῖς
1819 2242 2015 2321 ἧττον
2070 2251 2398 2339 χρησίμοις
2450 2248 2489 2322 ἢ
2548 2251 2655 2314 καὶ

1261 2369 1660 2436 παντάπασιν
1708 2377 1907 2465 ἀργῶς
1954 2375 2062 2439 καὶ
2109 2375 2391 2466 ῥαθύμως
2438 2379 2655 2441 ἀναλί-

1263 2518 1430 2560 σκειν
1479 2497 1793 2588 ἀνέχεσθε·
1843 2499 2009 2566 ἀλλά
2054 2501 2174 2575 τὴν
2237 2501 2441 2576 καλὴν
2502 2503 2651 2594 πρὸς

1265 2623 1580 2699 ἀλλήλους
1627 2625 1748 2714 ἔριν
1796 2620 2052 2716 ἐρίζετε,
2099 2625 2208 2691 καὶ
2252 2627 2395 2718 περὶ
2438 2638 2554 2703 τῆς
2588 2631 2649 2691 ἐν

1263 2747 1471 2837 νόμοις
1522 2740 1976 2840 εὐδοκιμήσεως
2026 2752 2135 2816 τὸν
2183 2751 2380 2816 πολὺν
2439 2755 2651 2843 ἀγῶνα

1259 2874 1553 2955 ποιεῖσθε,
1603 2876 1897 2969 μέγιστον
1956 2867 2188 2953 εἰδότες
2236 2877 2310 2941 τὸ
2358 2875 2648 2953 ἔπαθλον,

1261 3003 1369 3067 καὶ
1400 3001 1602 3076 καλὴν
1650 3004 1751 3067 ὅτι
1781 3002 2062 3092 μάλιστα
2090 3001 2208 3076 τὴν
2242 3001 2514 3091 ἀμοιβὴν
2549 3003 2650 3066 ὲκ-

1263 3119 1606 3217 δεχόμενοι.

1348 3258 1419 3316 Εἰ
1456 3251 1576 3345 γάρ
1625 3243 1702 3326 δὴ
1756 3246 2238 3342 σπουδαιότερον
2285 3250 2649 3342 ἀντέχοισθε

1255 3388 1370 3444 τοῦ
1405 3356 1797 3468 μαθήματος,
1822 3378 2102 3471 καὶπρὸς
2127 3378 2246 3453 τὴν
2279 3378 2509 3444 τούτου
2542 3403 2653 3443 κα-

1258 3503 1556 3596 τόρθωσιν
1591 3507 1770 3582 ὅλους
1809 3504 2062 3581 ἑαυτοὺς
2095 3506 2485 3582 ἑπιτείνοιτε,
2532 3504 2649 3570 ὑπὸ

1255 3641 1550 3721 χρηστῶν
1581 3638 1731 3721 ἡμῖν
1762 3642 1888 3697 τῶν
1921 3624 2187 3697 ἐλπίδων
2224 3629 2536 3697 θάλπεσθέ
2568 3655 2643 3697 τε

1258 3754 1365 3819 καὶ
1411 3755 1726 3846 τρέφεσθε,
1765 3763 1845 3834 ὡς
1878 3762 1988 3823 οὐκ
2025 3764 2107 3834 εἰς
2137 3758 2337 3835 κενὸν,
2386 3750 2510 3823 οὐδ’
2566 3765 2651 3835 εἰς

1261 3878 1473 3969 μάτην
1520 3880 1605 3946 τὰ
1635 3894 1750 3959 τῆς
1784 3875 2057 3959 σπουδῆς
2089 3888 2232 3971 ὑμῖν
2271 3884 2467 3948 ἔσται·
2508 3883 2646 3949 ἀλλ’

1257 4006 1441 4070 αὐτοί
1470 4028 1544 4071 τε
1574 4006 1683 4072 τὸν
1719 4009 1847 4093 βίον
1883 4009 2317 4100 εὐκλεέστερον
2356 4004 2645 4089 ζήσεσθε,

1257 4130 1365 4195 καὶ
1393 4135 1644 4198 πολλῶν
1681 4144 1879 4225 μερῶν
1913 4128 2133 4224 ἄρξετε
2167 4146 2284 4211 τῆς
2332 4136 2643 4226 ἡμετέρας

1255 4260 1613 4348 ἡγεμονίας·
1648 4249 1841 4333 δῆλον
1873 4258 1992 4352 γάρ
2024 4266 2103 4337 ὡς
2132 4260 2276 4337 τοὺς
2309 4261 2506 4349 ὄνομα
2538 4261 2647 4325 καὶ

1257 4374 1443 4461 δόξαν
1475 4382 1767 4475 λαμπράν
1793 4386 1895 4450 ἐπὶ
1920 4385 2304 4476 νομομαθείᾳ
2327 4386 2646 4472 λαβόντας

1257 4508 1366 4572 καὶ
1396 4515 1434 4582 ἡ
1475 4512 1763 4593 βασιλεία
1793 4510 2020 4599 ἡμῶν*
2051 4512 2156 4575 καὶ
2204 4517 2259 4577 οἱ
2308 4512 2443 4601 μεθ’
2480 4519 2647 4602 ἡμᾶς

1259 4634 1357 4699 ἀεὶ
1389 4634 1865 4719 βασιλεύσοντες
1896 4647 2338 4728 προκρινοῦμεν
2371 4618 2497 4702 τῶν
2532 4636 2648 4702 ἄλ-

1257 4760 1382 4822 λων
1430 4762 1493 4823 ἑν
1541 4770 1678 4835 ταῖς
1727 4751 2044 4850 διανομαῖς
2087 4772 2212 4829 τῶν
2262 4766 2489 4853 ἀρχῶν,
2539 4763 2648 4827 καὶ

1213 4898 1222 4907 “
1259 4874 1572 4948 ἀντίδοσιν
1619 4884 1972 4976 πρέπουσαν
2020 4892 2164 4976 ὑμῖν
2215 4878 2644 4977 ἀντιδώσομεν

1256 5020 1372 5087 τῆς
1421 5009 1661 5104 ἀγαθῆς
1705 4998 2151 5103 προαιρέσεως(

1348 5140 1433 5211 Ως
1457 5136 1482 5176 ⁵
1509 5137 1658 5225 πρὸς
1683 5147 1964 5201 τοιοῦτον
1999 5130 2101 5203 οὖν
2134 5138 2463 5229 τρέχοντες
2502 5140 2650 5229 βρα-

1263 5264 1426 5344 βεῖον
1473 5259 1630 5327 καὶο
1675 5262 1876 5341 τέλος,
1925 5263 2176 5352 ἰσχύετε
2222 5264 2332 5328 καὶ
2377 5254 2649 5353 ἀνδρίζε-

2768 1121 2980 1206 lerint,
3029 1148 3155 1211 qua
3200 1127 3270 1193 in
3331 1131 3492 1197 urbe
3538 1133 3695 1200 iuris
3752 1137 4172 1220 prudentiam

2768 1256 3115 1318 summates
3162 1254 3598 1339 superioribus
3644 1261 3912 1326 saeculis
3941 1264 4171 1330 audie-

2764 1377 3036 1458 bantur;
3084 1402 3195 1446 vos
3242 1403 3325 1446 ne
3371 1405 3517 1450 cum
3558 1385 3727 1450 domi
3759 1388 4017 1472 quidem
4052 1389 4173 1454 bo·

2762 1529 2919 1570 num
2952 1506 3075 1572 hoe
3108 1508 3503 1591 possideatis,
3550 1533 3626 1577 eo
3670 1513 3767 1577 uti
3814 1515 4027 1580 velitis
4078 1516 4167 1580 ob

2766 1632 3123 1698 vecordiam
3170 1634 3513 1717 pessimam
3559 1635 3743 1720 (Quis
3790 1639 3960 1703 enim
4002 1663 4169 1706 cau-

2765 1779 2901 1822 sam
2950 1758 3142 1824 aliam
3188 1759 3438 1826 incuset
3454 1759 3531 1844 ‘?).
3581 1759 3706 1826 Sed
3752 1761 3938 1844 illud,
3985 1766 4169 1848 quod

2764 1887 2863 1948 est
2908 1883 3079 1968 apud
3122 1905 3234 1949 vos
3280 1884 3346 1949 in
3392 1885 3633 1968 fabula,
3696 1889 3972 1972 experiri
4014 1911 4163 1955 ma-

2761 2007 2929 2074 litis:
2978 2008 3186 2075 medio
3230 2011 3297 2074 in
3342 2011 3519 2077 fonte
3564 2013 3703 2078 dira
3758 2015 3868 2080 siti
3909 2017 4159 2101 urgeri.

2855 2133 3280 2228 Nequaquam
3307 2138 3510 2223 igitur
3533 2141 3761 2206 aetatis
3786 2145 4027 2206 vestrae
4042 2141 4167 2206 flo-

2762 2283 2900 2326 rem
2946 2263 3011 2326 in
3060 2262 3251 2328 rebus
3295 2285 3525 2348 parum
3572 2265 3859 2348 utilibus,
3904 2266 4033 2330 imo
4078 2266 4153 2330 in

2764 2388 3125 2454 omnimodo
3156 2389 3288 2454 otio
3320 2393 3513 2474 atque
3543 2389 3803 2475 ignavia
3826 2393 4163 2456 conterere

2763 2513 3119 2597 patiamini3
3146 2515 3256 2579 sed
3280 2514 3552 2599 pulchra
3574 2516 3849 2582 invicem
3873 2515 4159 2582 aemula-

2762 2637 2934 2702 tione
2978 2639 3361 2719 contendite,
3398 2647 3461 2704 et
3508 2641 3585 2706 de
3631 2641 3799 2707 bona
3828 2642 3895 2707 in
3924 2641 4152 2725 legum

2762 2762 2971 2826 studio
3024 2763 3489 2829 existimatione
3550 2765 3763 2831 nobile
3827 2769 4147 2832 certamen

2761 2891 3022 2968 certate,
3065 2888 3236 2954 haud
3276 2889 3488 2973 ignari
3518 2889 3653 2955 fore
3688 2895 3762 2955 ut
3792 2891 4151 2976 praemium

2762 3014 3109 3080 maximum
3142 3019 3208 3080 et
3240 3015 3745 3100 pulcherrimum
3784 3018 4150 3101 reportetis,

2849 3263 3021 3330 Nam
3052 3266 3105 3330 si
3134 3265 3502 3351 diligentius
3534 3266 3831 3332 scientiae
3863 3267 4008 3333 huic
4038 3289 4157 3333 va-

2758 3391 3006 3472 cambis,
3040 3393 3223 3477 eique
3258 3392 3414 3457 bene
3448 3392 3857 3459 addiscendae
3904 3400 4155 3460 vosmet

2756 3519 3154 3605 impendetis‚
3204 3518 3439 3583 bonam
3470 3540 3583 3583 vos
3615 3540 3795 3602 spem
3831 3518 4044 3584 fovere
4076 3541 4155 3585 ac

2757 3646 3004 3711 nutrire
3036 3644 3204 3724 v010‚
3246 3644 3417 3709 haud
3462 3665 3698 3709 vanum
3740 3666 3856 3710 nec
3904 3666 4154 3711 cassum

2756 3770 3037 3856 studium
3084 3772 3373 3835 vestrum
3417 3768 3589 3847 fore;
3638 3767 3747 3833 sed
3795 3774 3862 3833 et
3908 3791 4019 3833 vos
4060 3768 4147 3833 il-

2756 3895 3128 3960 lustriorem
3174 3893 3375 3957 vitam
3421 3896 3698 3972 acturOS‚
3732 3897 3798 3957 et
3828 3892 3895 3958 in
3930 3892 4153 3958 multis

2754 4020 3017 4085 ditionis
3066 4020 3322 4082 nostrae
3370 4016 3664 4101 partibus
3710 4016 4149 4101 praefecturas

2754 4146 3232 4228 impetraturos,
3282 4142 3548 4208 Constat
3616 4144 3783 4207 enim
3852 4165 3959 4208 eos
3982 4194 3998 4224 ‚
4044 4145 4154 4227 qui

2755 4290 2986 4333 nomen
3014 4263 3039 4299 ⁸
3088 4266 3450 4351 famamque
3478 4266 3871 4351 splendidam
3909 4268 3977 4331 in
4024 4268 4153 4333 edi-

2756 4395 2983 4461 scendo
3030 4394 3166 4458 iure
3214 4393 3425 4477 adepti
3458 4392 3716 4473 fuerint,
3758 4392 3839 4457 ab
3872 4392 4152 4478 Imperio

2756 4523 2975 4584 nostro
3025 4522 3089 4583 et
3135 4518 3244 4601 qui
3291 4516 3473 4582 nobis
3520 4517 3895 4597 succedent,
3953 4518 4153 4601 impe-

2754 4642 3074 4708 tatoribus
3102 4641 3461 4727 praelatum
3492 4642 3573 4705 iri
3613 4642 3878 4707 caeteris
3911 4644 3980 4707 in
4018 4666 4151 4708 ma-

2757 4767 3146 4852 gistratuum
3208 4765 3455 4831 delectu
3475 4816 3491 4846 ‚
3550 4772 3615 4831 et
3676 4768 4150 4834 convenientem

2754 4914 2872 4958 nos
2902 4891 3477 4958 remunerationem
3509 4895 3723 4957 vestro
3757 4892 3926 4957 bono
3970 4893 4152 4958 insti-

2754 5022 2897 5083 tuto
2943 5016 3307 5082 collaturos,

2844 5142 3057 5218 Quare
3087 5141 3289 5206 veluti
3316 5141 3395 5207 ad
3418 5141 3539 5207 hoc
3570 5141 3987 5207 decurrentes
4012 5142 4153 5208 bra-

2753 5267 2925 5331 vium
2960 5288 3033 5332 ac
3064 5268 3426 5347 terminum,
3462 5272 3719 5333 strenue
3748 5268 4147 5352 viriliterque

1406 5458 1423 5491 ¹
1465 5455 1672 5513 Editor
1710 5456 2127 5530 Gottingensis
2164 5459 2587 5517 animadvertit
2622 5454 2685 5515 in
2722 5460 3065 5533 apographo
3100 5478 3209 5517 suo
3250 5462 3545 5533 ἂβελτηρίας
3571 5460 3807 5533 habori;
3843 5478 3953 5517 nos
3990 5459 4154 5516 addi-

1257 5562 1392 5600 mus
1431 5550 1492 5600 et
1534 5546 1596 5601 in
1633 5546 1759 5603 cod,
1799 5553 1860 5603 et
1898 5548 2058 5619 apud
2092 5548 2215 5604 Mai
2253 5546 2554 5621 ἂβελτηρίας
2582 5549 2719 5621 legi.
2756 5581 2800 5591 -
2834 5551 2857 5587 ²
2896 5547 3193 5605 Editionis
3243 5548 3665 5620 Gottingensis
3700 5549 3838 5604 hinc
3875 5568 4155 5622 paragra-

1259 5634 1414 5707 phus
1453 5634 1537 5689 25.
1578 5666 1620 5675 -—
1655 5638 1679 5673 ³
1716 5636 2024 5693 Versiom‘s
2061 5636 2334 5693 Maianae
2374 5638 2474 5694 fol.
2516 5640 2599 5695 19.
2640 5670 2686 5681 -·
2720 5640 2745 5675 ⁴
2782 5638 3014 5695 Codicis
3052 5639 3292 5711 pagella
3328 5637 3520 5710 prima
3555 5636 3689 5694 folii
3726 5641 3849 5693 292.
3874 5670 3928 5680 -
3962 5640 3987 5675 ⁵
4022 5637 4153 5693 Edi-

1259 5722 1438 5781 tionis
1478 5724 1896 5798 Gottingensis
1933 5726 2072 5783 hinc
2109 5728 2525 5803 paragraphus
2563 5730 2649 5783 26.
2690 5762 2709 5771 -

2714 5761 2732 5771 -
2768 5730 2793 5766 ⁶
2828 5728 3043 5785 Graeci
3070 5733 3275 5784 textus
3314 5728 3644 5807 apographi
3668 5728 3890 5785 Maiani
3926 5720 4039 5784 fol.⁴
4062 5729 4147 5781 20.
