4573 6666
471 960 629 968 ————-

469 1073 713 1170 ὲφάπαξ
741 1077 762 1114 ¹
817 1080 1218 1158 πιστεύεσθε,
1269 1072 1373 1147 διὰ
1420 1081 1554 1167 βίου
1601 1075 1853 1159 καθέξε-

467 1230 541 1271 τε
562 1205 610 1283 ²‚
659 1207 1075 1298 ἀναφαίρετόν
1120 1231 1194 1272 τε
1241 1207 1348 1272 καὶ
1393 1198 1749 1297 ἀδιάδοχον·
1797 1212 1852 1272 εἰ

464 1355 583 1397 που
630 1357 723 1408 τις
770 1334 956 1410 αὐτὸς
1013 1335 1234 1398 ἑαυτὸν
1297 1343 1414 1408 τῆς
1459 1331 1850 1408 τηλικαύτης

468 1451 714 1535 ἀνάξιον
749 1441 1084 1547 ἀπελέγξοι
1111 1469 1320 1546 τιμῆς·
1353 1461 1480 1522 εἴτε
1505 1455 1804 1548 ῥαθυμίαν
1825 1455 1850 1490 ³

466 1589 681 1668 νοσῶν,
732 1583 860 1647 εἴτε
906 1581 1195 1672 ἀμαθίαν,
1229 1581 1268 1656 ἢ
1303 1581 1411 1646 καὶ
1458 1581 1660 1657 ἄλλως
1709 1573 1851 1646 δύσ-

469 1729 694 1796 τροπος
719 1705 824 1785 ὢν,
851 1706 958 1772 καὶ
981 1717 1072 1792 τῷ
1097 1712 1272 1791 καλῷ
1295 1716 1462 1798 χορῷ
1484 1707 1691 1790 τούτῳ
1720 1716 1846 1770 τῶν

469 1828 992 1921 μαθητευομένων
1039 1837 1150 1898 οὐκ
1198 1835 1558 1923 εὔχρηστος·
1597 1831 1629 1896 ὃ
1671 1829 1842 1918 πάσῃ

465 1960 714 2046 φυλακῇ
751 1957 1216 2047 φυλαττόμενος
1248 1962 1280 2021 ὁ
1312 1957 1422 2022 τὸν
1455 1955 1666 2046 θρόνον
1709 1965 1854 2020 τοῦ·

466 2104 576 2146 τον
625 2085 1020 2161 ἀποσκοπῶν,
1065 2083 1174 2147 καὶ
1217 2083 1327 2148 τὸν
1374 2081 1522 2173 ὑπὲρ
1569 2086 1848 2172 κεφαλῆς

355 2267 374 2284 ,
468 2206 709 2296 τρέμων
742 2191 1042 2286 κίνδυνον,
1077 2211 1150 2272 ἀν
1184 2207 1432 2297 φωραθῇ
1457 2207 1484 2242 ⁴
1515 2209 1704 2284 κακὸς
1743 2205 1846 2286 ὢν,

465 2329 504 2402 ἢ
540 2323 946 2421 παραβαίνειν
979 2333 1135 2408 ὅλως
1165 2336 1416 2422 τολμῶν
1448 2341 1574 2396 τῶν
1609 2331 1748 2422 παρ’
1777 2337 1850 2405 η-

467 2466 596 2545 μῶν
629 2481 693 2522 τι
727 2448 1155 2547 διωρισμένων,
1185 2457 1270 2545 μὴ
1301 2458 1506 2533 ἄλλως
1536 2455 1612 2522 τὸ
1645 2465 1849 2548 πρᾶγ-

469 2607 558 2672 μα
602 2581 772 2648 κατά
819 2592 955 2648 νοῦν
987 2567 1387 2671 λαμβανέτω,
1422 2574 1570 2671 μηδ’
1619 2587 1853 2671 ἐπιχει-

472 2709 652 2797 ρείτω
696 2707 1064 2772 παντάπασι
1091 2708 1471 2780 τηλικούτου
1502 2707 1694 2792 κύβου
1741 2731 1852 2774 πε-

471 2843 726 2924 ριτροπῇ
749 2885 766 2910 ,
829 2838 884 2898 εἰ
943 2831 1027 2921 μὴ
1092 2831 1176 2898 τὰ
1237 2831 1544 2923 κράτιστα
1597 2833 1848 2898 πάντων

464 2961 668 3041 ἑαυτῷ
718 2956 1145 3050 συγγινώσκει·
1191 2956 1298 3022 καὶ
1329 2957 1532 3047 νόμων
1581 2955 1689 3046 μὲν
1735 2961 1849 3046 ἑμ-

463 3085 702 3174 πειρίαν
770 3082 906 3171 μετ’
975 3083 1328 3171 ἐπιστήμης
1390 3083 1522 3172 ἔχει
1577 3081 1847 3159 πολλὴν,

461 3208 760 3298 ἑκατέραν
797 3199 862 3272 δὲ
907 3212 1199 3299 γλῶσσαν
1234 3207 1340 3272 σὺν
1373 3209 1657 3298 ἀκριβείᾳ
1677 3203 1702 3242 ⁶
1730 3205 1852 3271 πά·-

464 3358 540 3421 σῃ
571 3337 876 3425 προΐεται,
903 3332 1021 3407 τὴν
1054 3329 1390 3406 ἑλληνικὴν
1414 3331 1582 3424 λέγω
1607 3331 1846 3405 ταύτην

460 3459 569 3523 καὶ
628 3457 746 3532 τὴν
802 3460 916 3531 ὅση
985 3458 1290 3550 ρωμαῖκῆ·
1345 3456 1732 3548 καταθαρρεῒ
1782 3448 1850 3522 δὲ

461 3584 668 3649 κόπων
713 3584 1162 3674 ταλαιπωρίας,
1196 3582 1302 3646 καὶ
1334 3586 1682 3673 ἀγρυπνιῶν
1729 3605 1850 3646 κα-

460 3710 738 3799 κουχίας·
784 3704 869 3783 οἷς
919 3706 1158 3800 ἀνάγκη
1211 3698 1525 3771 δουλεύειν
1573 3707 1683 3772 τὸν
1729 3717 1848 3782 τῆς

461 3832 851 3907 τηλικαύτης
895 3842 1086 3920 τιμῆς
1129 3830 1238 3895 καὶ
1280 3840 1392 3896 τοῦ
1441 3830 1849 3923 ἐπαγγέλμα-

459 3980 567 4033 τος
599 3948 788 4034 ἄξιον.
815 3954 936 4019 Καὶ
961 3946 1125 4045 μηδέ
1148 3980 1243 4030 τις
1276 3946 1522 4045 δριμεῖα
1545 3955 1653 4019 καὶ
1676 3946 1842 4029 δεινὴ

459 4056 804 4156 κακοήθεια
835 4090 972 4155 τοῖς
998 4080 1236 4145 ἐκείνου
1263 4079 1646 4171 σπλάγχνοις
1679 4084 1852 4145 ὑποι-

460 4203 730 4297 κουρεῒΊ,
759 4204 798 4279 ἢ
833 4214 986 4269 πᾶσι
1012 4209 1262 4295 τρόποις
1288 4202 1522 4269 ἐκεῖθεν
1547 4208 1580 4267 ὁ
1602 4200 1628 4237 ⁸
1650 4215 1852 4269 τοιοῦ-

458 4354 568 4407 τος
594 4327 1088 4407 ἀπελαθήσεται,
1115 4334 1230 4393 κάν
1257 4327 1480 4418 φθάσοι
1505 4328 1674 4393 κατά
1705 4352 1848 4394 τινα

461 4454 862 4546 συναρπαγὴν
895 4451 1294 4543 προβληθεὶς,
1328 4452 1849 4541 ἀντικαθισταμέ-

457 4603 563 4645 νου
607 4588 700 4661 τῷ
761 4576 954 4667 θρόνῳ
1012 4588 1124 4641 τοῦ
1187 4570 1677 4668 ἀξιολογωτέρου
1740 4577 1846 4641 καὶ

460 4706 830 4794 κρείττονος.

1237 869 1326 914 m·
1371 869 1732 914 Aramum
1781 867 2575 916 cousummopomrmo
3264 851 3343 918 19

2341 963 2496 970 ...φ-,ὓ

3001 963 3022 969 -
3047 963 3345 971 -ῇ--ι--α-

1959 1089 2072 1149 aut
2093 1085 2374 1162 succedi3
2405 1085 2529 1149 nisi
2560 1083 2729 1149 forte
2762 1084 2991 1168 aliquis
3013 1085 3345 1170 indignum

1957 1230 2026 1272 se
2053 1209 2170 1274 tali
2193 1209 2435 1274 honore
2460 1209 2855 1292 praebuerit,
2880 1210 3015 1274 sive
3043 1210 3345 1294 pigritiae

1957 1332 2180 1397 morbo
2205 1332 2523 1413 laborans,
2549 1333 2681 1397 sive
2704 1333 2973 1414 inscitia,
2999 1333 3131 1399 sive
3157 1333 3343 1400 aliter

1957 1479 2271 1537 morosus,
2302 1461 2413 1524 aut
2434 1459 2695 1542 egregio
2720 1456 2867 1524 huic
2891 1458 3344 1542 discipulorum

1957 1582 2166 1648 coetui
2209 1583 2470 1646 minime
2516 1584 2899 1648 commodus.
2949 1585 3123 1659 Quae
3170 1585 3343 1648 omni

1957 1706 2204 1772 cautela
2248 1729 2475 1773 cavens
2518 1709 2592 1788 is,
2625 1709 2735 1791 qui
2782 1709 3147 1774 cathedram
3181 1709 3343 1775 hanc

1957 1833 2202 1898 eminus
2248 1833 2566 1913 observat,
2614 1838 2679 1899 et
2724 1833 3098 1917 impendens
3146 1833 3343 1916 capiti

1957 1979 2072 2024 suo
2092 1958 2449 2041 periculum
2481 1963 2794 2040 metuenS,
2827 1959 2878 2023 si
2909 1958 3076 2024 forte
3104 1958 3343 2042 impro-

1959 2083 2086 2148 bus*
2109 2085 2558 2169 comperiatur,
2592 2091 2705 2151 aut
2736 2084 3063 2170 quodlibet
3093 2108 3132 2150 a
3162 2085 3344 2151 nobis

1956 2210 2421 2293 praescriptum
2465 2211 2972 2296 transgrediens;
3020 2232 3099 2274 ne
3145 2211 3200 2275 is
3244 2211 3342 2275 in-

1956 2356 2146 2417 quam
2193 2334 2383 2399 aliter
2424 2335 2547 2400 sibi
2591 2335 2713 2399 hoc
2756 2334 3086 2418 negotium
3116 2335 3344 2418 imagi·-

1956 2463 2166 2538 netur,
2199 2481 2403 2544 neque
2432 2464 2567 2524 tam
2596 2460 2894 2525 versabili
2926 2460 3101 2526 aleae
3140 2463 3343 2526 semet

1957 2583 2233 2663 obiiciat,
2281 2584 2403 2648 nisi
2448 2585 2693 2668 optima
2752 2606 3041 2669 quaeque
3105 2607 3171 2650 se
3230 2585 3344 2650 ha-

1959 2707 2108 2772 bere
2153 2709 2439 2774 conscius
2471 2708 2575 2788 sit,
2610 2709 2731 2775 nisi
2762 2703 2787 2740 ⁸
2834 2709 3049 2794 legum
3096 2710 3342 2794 experi-

1955 2837 2243 2898 mentum
2288 2833 2495 2898 multa
2523 2855 2667 2898 cum
2690 2832 2953 2899 scientia
2996 2836 3229 2914 teneat,
3276 2838 3341 2898 et

1955 2963 2294 3042 utramque
2353 2959 2642 3043 linguam
2697 2981 3007 3043 perquam
3052 2962 3343 3025 accurate

1958 3083 2208 3162 calleat,
2234 3084 2539 3150 Graecam
2560 3083 2801 3150 scilicet
2824 3087 3105 3148 nostram
3130 3087 3195 3148 et
3218 3081 3341 3148 Ro-

1958 3229 2231 3273 manam.
2265 3207 2567 3272 Fidenter
2600 3210 2856 3273 demum
2885 3208 3179 3275 laborum
3208 3230 3344 3273 mo-

1956 3332 2176 3399 lestiae
2222 3336 2500 3401 occurrit
2562 3339 2629 3399 et
2691 3333 3055 3419 vigiliarum
3101 3335 3344 3400 incom-

1958 3458 2272 3525 moditati.
2320 3458 2575 3525 Etenim
2604 3459 2707 3525 his
2738 3460 2991 3527 subesse
3040 3482 3187 3527 eum
3230 3483 3345 3526 ne-

1957 3605 2128 3649 cesse
2159 3589 2274 3665 est,
2309 3584 2420 3668 qui
2468 3583 2584 3650 tali
2612 3584 2853 3649 honore
2886 3607 2959 3650 ac
3000 3584 3342 3669 professio-

1955 3730 2037 3773 ne
2083 3709 2168 3773 sit
2198 3709 2448 3793 dignus.
2481 3708 2709 3793 Neque
2742 3710 3083 3775 vehemens
3126 3709 3339 3794 aliqua

1957 3837 2024 3898 et
2069 3833 2206 3899 dira
2251 3834 2534 3917 pravitas
2579 3834 2822 3900 viscera
2877 3834 3013 3899 eius
3066 3834 3344 3899 latenter

1955 3959 2246 4035 invadat3
2280 3958 2561 4043 alioquin
2602 3959 2877 4024 statione
2923 3959 3035 4043 qui
3081 3962 3179 4023 est
3224 3959 3343 4025 hu-

1954 4082 2224 4148 iusmodi
2257 4082 2637 4168 expelletur,
2670 4084 2919 4149 etiamsi
2951 4083 3165 4168 aliqua
3196 4084 3344 4149 sub-
3374 4066 3387 4079 ’

1955 4208 2243 4292 reptione
2298 4208 2535 4273 electus
2590 4208 2822 4285 fuerit3
2870 4208 3032 4273 alius
3090 4208 3344 4291 dignior

1957 4337 2022 4397 et
2067 4332 2293 4397 melior
2337 4333 2404 4399 in
2460 4332 2825 4398 cathedram
2888 4332 3339 4398 substituetur.

603 4955 620 4989 ¹
661 4950 758 5006 Sic
795 4950 995 5008 Codex
1032 4958 1094 5006 et
1130 4949 1252 5006 Mai
1299 4950 1406 5006 sed
1456 4950 1640 5007 editio
1692 4951 2105 5023 Gottingensis
2155 4950 2229 5025 ἐφ’
2273 4952 2425 5013 ἅπαξ.
2461 4982 2500 4994 -
2536 4953 2559 4988 ²
2596 4950 2831 5007 Codicis
2864 4951 3107 5023 pagella
3156 4951 3345 5006 altera

458 5040 591 5096 folii
629 5041 752 5096 287.
789 5072 827 5083 -
863 5042 887 5078 ³
912 5040 1010 5095 Sic
1035 5039 1175 5098 cod.
1203 5040 1308 5095 sed
1336 5040 1516 5096 editio
1556 5058 1692 5096 cum
1716 5039 1841 5095 Mai
1877 5040 2086 5096 scribit
2111 5042 2370 5113 ρᾳθυμίαν.
2396 5072 2444 5083 -
2470 5043 2493 5077 ⁴
2513 5041 2614 5099 Sic
2642 5041 2780 5096 Cod.
2814 5039 2919 5095 sed
2942 5038 3066 5094 Mai
3089 5038 3186 5094 hic
3208 5044 3347 5111 post

459 5130 928 5186 emendationem
955 5128 1198 5201 scripsit
1220 5131 1252 5183 ἂ
1284 5134 1501 5201 φωραθῇ.
1526 5130 1724 5185 Editio
1751 5129 1912 5186 Gott.
1940 5132 1999 5183 ἂν
2029 5134 2247 5201 φωραθῇ.
2277 5162 2323 5171 --
2346 5132 2371 5167 ⁵
2405 5128 2782 5202 Autographi
2818 5126 3094 5185 Maianae
3132 5126 3348 5183 versio·

457 5220 554 5277 nis
576 5220 677 5275 fol.
708 5220 793 5274 15.
817 5252 856 5262 —
879 5220 903 5256 ⁶
940 5219 1154 5276 Graeci
1191 5226 1398 5276 textus
1437 5220 1766 5293 apographi
1815 5218 2040 5275 Maiani
2075 5220 2289 5277 folium
2336 5221 2418 5275 17.
2455 5250 2499 5262 ·-
2534 5222 2556 5255 7
2596 5219 2690 5276 Sic
2728 5218 2926 5274 Codex
2964 5224 3026 5273 et
3060 5217 3199 5288 Mai,
3240 5216 3345 5273 sed

459 5308 640 5372 editio
679 5308 844 5367 Gott.
884 5312 1132 5381 ἐπικουρῇ.
1169 5340 1210 5353 -
1244 5310 1267 5346 ⁸
1305 5309 1537 5369 Codicis
1574 5310 1813 5383 pagella
1847 5308 2040 5385 prima
2074 5308 2204 5365 folii
2240 5310 2362 5366 288.
